2070 3486
793 318 846 322 —
880 291 965 334 649
1001 319 1050 324 —

145 397 427 427 successores
456 385 518 427 tui
553 386 683 427 nobis
715 389 757 427 et
793 388 1126 430 suecessoribus
1154 390 1335 436 nostris,
1362 390 1550 444 singulis
1576 390 1706 432 annis

144 454 188 496 in
224 454 337 497 festo
373 455 514 497 sancti
546 456 802 505 Michaelis,
835 459 1069 512 sexaginta
1097 459 1296 515 quinque
1325 460 1492 502 solidos
1529 464 1701 503 tantum

144 539 224 581 pro
246 525 433 568 usatico.

202 597 291 639 Nos
317 599 468 639 autem
507 611 585 652 per
618 598 953 653 stipulationem
982 601 1057 642 tihi
1092 602 1412 656 promittunus,
1451 604 1570 658 quod
1607 617 1703 658 pre-

141 667 261 710 dicta
287 668 454 711 onmia.
487 682 565 723 per
599 683 679 710 uos
707 673 750 711 et
771 677 928 711 omues
961 685 1241 713 su‹·‹·ess01·es
1262 676 1456 725 nostros,
1489 673 1703 715 faciemus

142 741 184 781 te
209 741 255 781 et
280 752 439 781 omnes
473 753 755 782 successores
790 744 890 782 tuos
912 755 1091 797 semper
1118 744 1298 790 habere,
1331 747 1481 786 tenere
1510 744 1553 786 in
1577 758 1699 800 pace.

139 811 185 852 et
203 809 298 852 sine
326 810 685 866 interpellatione
708 812 974 867 cujusquam
998 814 1147 868 quiete
1175 828 1224 856 ac
1248 815 1430 870 pacifice
1455 815 1698 870 possidere,

140 884 185 924 et
203 882 261 924 ab
287 882 412 924 omni
432 882 765 924 contradicente
794 896 973 938 semper
998 884 1095 939 jure
1123 885 1433 933 defendemus,
1465 890 1509 928 et
1536 887 1704 942 specia-

140 951 240 995 liter
265 953 322 995 ab
349 952 610 995 hominibus
640 953 771 995 castri
802 955 856 995 de
885 955 1088 1001 Arsacio,
1121 956 1353 998 offerendo
1381 971 1463 999 nos
1492 971 1704 1012 persona—

139 1022 240 1066 liter
264 1023 310 1065 in
335 1022 501 1079 judicio
529 1037 708 1079 semper
734 1027 777 1066 et
800 1024 1015 1079 litigando
1039 1027 1202 1068 uostris
1231 1028 1422 1082 propriis
1446 1029 1702 1083 sumptibus

139 1096 183 1137 ct
215 1094 444 1150 expensis.
494 1093 547 1136 Et
574 1108 655 1150 pro
690 1095 775 1137 hiis
817 1096 1083 1138 omuibus...
1116 1098 1369 1152 obligamus
1414 1113 1494 1140 uos
1542 1099 1619 1141 tibi
1660 1103 1703 1141 et

137 1165 472 1208 successoribus
501 1167 602 1213 tuis,
641 1169 684 1208 et
712 1168 829 1221 [pro]
859 1167 1079 1210 evictione
1101 1169 1252 1224 aliquo
1282 1173 1482 1225 tempore
1515 1170 1573 1211 ibi
1597 1185 1700 1212 con-

138 1237 362 1292 tingente,
418 1237 572 1279 omnia
603 1238 722 1280 bona
770 1241 919 1280 nostra
966 1240 1253 1295 episcopatus
1287 1242 1618 1295 Magaloneusis
1659 1246 1699 1284 et

137 1308 378 1350 comitatus
398 1308 600 1364 Melgorii
629 1312 673 1351 et
695 1309 1075 1352 Montisferrandi.

197 1378 586 1435 Contemplatioue
614 1383 765 1422 autem
796 1380 924 1422 istius
947 1382 1202 1423 donationis
1232 1383 1272 1424 iu
1293 1384 1574 1439 aeapitum...
1601 1398 1702 1425 eou-

136 1450 339 1493 cedimus
368 1449 448 1492 tibi
476 1451 706 1506 Stephano
735 1452 788 1493 de
816 1451 1010 1507 Campo.
1044 1453 1178 1507 priori
1208 1454 1420 1508 predicto.
1453 1458 1493 1496 et
1529 1468 1701 1496 succes-

137 1521 316 1563 soribus
338 1521 440 1569 tuis,
463 1523 584 1577 quod
611 1525 655 1563 tu
679 1522 841 1577 possis,
875 1526 1089 1577 tanquam
1119 1524 1345 1567 domiuus.
1373 1525 1524 1567 omnia
1546 1539 1701 1580 supra-

136 1592 268 1640 dicta,
293 1593 361 1635 vel
383 1595 556 1648 partem
577 1593 956 1648 supradictorum,
981 1595 1192 1637 allevare.
1219 1597 1426 1643 vendere,
1452 1596 1699 1638 distrahere

134 1663 234 1706 aliis
261 1663 624 1720 quibuscumque
648 1664 845 1706 volueris
870 1668 913 1706 tn
938 1666 1006 1706 vel
1031 1679 1310 1707 successores
1339 1667 1456 1714 tui...
1484 1670 1525 1709 et
1547 1668 1699 1710 omnia

134 1749 222 1791 que
268 1735 434 1777 fuerint
471 1736 730 1778 alienata...
779 1736 1064 1778 laudabimus
1108 1741 1145 1779 el
1195 1737 1566 1780 eool'irmabimus
1614 1739 1699 1781 illis

133 1806 299 1862 quibus
328 1807 653 1849 vendideris...
703 1811 747 1849 et
791 1807 872 1849 lioc
912 1807 1127 1863 faeiemus
1167 1810 1220 1850 de
1264 1809 1404 1863 prima
1441 1810 1696 1851 venditione

135 1880 368 1920 tantum...
411 1878 610 1920 dicentes
647 1881 687 1920 et
726 1882 979 1920 asserentes
1020 1881 1137 1934 quod
1183 1880 1313 1921 uieliil
1356 1884 1419 1921 est
1461 1881 1695 1922 dictumm

132 1949 376 2006 quominus
395 1950 475 1992 hec
494 1949 656 2005 acapiti
679 1950 878 1997 donatio,
901 1953 943 1992 et
966 1950 1117 1992 onmia
1140 1954 1183 1991 et
1201 1951 1378 2005 singula
1400 1951 1529 1993 firma
1551 1952 1695 1993 siut...

134 2034 215 2063 nec
233 2020 386 2076 aliquo
405 2020 558 2076 jure...
583 2024 739 2063 contra
768 2021 1014 2077 prescripta
1045 2022 1110 2062 vel
1144 2022 1491 2077 prescript‹t›1·um
1515 2022 1694 2078 aliquod

134 2105 332 2148 unquam
364 2092 656 2135 veniemus...
690 2094 767 2134 sed
801 2093 881 2134 hee
914 2093 1119 2134 omnia...
1152 2094 1393 2135 observare
1424 2093 1694 2136 faciemus...

131 2163 185 2206 Et
219 2165 268 2206 ut
306 2163 518 2206 omnibus
558 2164 790 2219 premissis
825 2164 968 2219 major
1015 2164 1125 2206 fides
1164 2165 1396 2211 habeatur,
1441 2168 1694 2220 presentem

131 2237 300 2277 cartam
327 2234 450 2276 bulla
479 2237 631 2277 nostra
657 2235 873 2290 plumbea
897 2235 1115 2290 jussimus
1143 2235 1426 2276 communiri.

190 2306 345 2348 Testes
384 2306 544 2348 horum
585 2309 690 2348 sunt
730 2306 944 2360 magister
982 2306 1261 2348 ltaimundus
1298 2307 1352 2347 de
1393 2306 1692 2353 Claromonte.

130 2376 371 2419 canonicus
416 2376 770 2431 Magalonensis,
823 2376 1034 2432 magister
1077 2377 1330 2420 Joliannes.
1380 2377 1500 2431 prior
1546 2378 1694 2419 sancti

130 2447 309 2490 Martini
335 2448 390 2490 de
412 2448 649 2494 Viuovolo,
683 2449 839 2489 l'etrus
869 2449 923 2489 de
961 2448 1124 2489 l'amiis
1165 2448 1379 2493 notarius,
1415 2448 1695 2490 Bermuudus

130 2519 184 2561 de
226 2519 525 2574 Marginibus,
571 2519 692 2575 prior
730 2519 913 2561 ecclesie
958 2519 1108 2560 Sancti
1155 2519 1338 2560 Bauclilii
1384 2520 1438 2560 de
1485 2519 1691 2561 l'edusio‚

127 2589 355 2633 Johannes
388 2590 660 2633 Godafridus
695 2591 814 2645 prior
841 2590 1024 2632 ecclesie
1061 2590 1191 2631 Beate
1222 2590 1357 2631 Mai-ie
1386 2591 1439 2631 de
1472 2591 1690 2632 Moutear-

130 2662 300 2709 nando,
332 2664 377 2704 et
409 2675 491 2717 ego
524 2663 678 2704 l‘etrus
705 2661 923 2707 Garuerii,
958 2661 1158 2703 notarius
1187 2661 1582 2715 M‹›11tisp‹.·ssulaui
1612 2676 1692 2717 pu-

129 2732 286 2780 blicus,
312 2733 389 2789 qui
413 2734 652 2775 mandatus
682 2734 762 2775 hec
789 2732 961 2787 scripsi.

602 2816 698 2854 (Reg.
723 2816 757 2850 13,
785 2815 841 2844 fol.
864 2814 924 2845 :313
944 2819 988 2850 ¹¹⁶3
1020 2815 1155 2853 d'apres
1178 2823 1221 2844 un
1245 2814 1399 2844 vidimus
1420 2815 1461 2844 de
1486 2814 1587 2849 1:3303

641 2869 733 2899 edite
770 2877 832 2907 par
868 2867 1043 2899 Germain.
1076 2868 1163 2897 dans
1197 2866 1337 2897 Arriam!
1362 2867 1402 2897 de
1441 2867 1585 2900 l'errlale,

650 2932 683 2962 p.
706 2922 790 2958 264).
