2070 3486
802 274 1064 317 -917—

151 367 329 415 cedens,
350 367 568 409 disvestio
585 369 749 411 exinde
772 384 842 411 me
862 373 905 412 et
926 383 1065 415 meos,
1083 372 1126 411 et
1147 368 1339 410 investio
1359 382 1437 408 vos
1457 370 1499 409 et
1516 369 1709 413 vestros:

155 438 320 481 faciens
359 441 403 480 et
438 439 731 482 constituens.
780 441 822 481 in
845 440 946 482 'hiis
981 444 1024 482 et
1052 454 1187 495 super
1208 439 1309 485 hiis,
1348 454 1428 480 vos
1462 442 1505 481 et
1537 442 1712 481 vestros

152 522 449 553 successores,
479 523 607 551 veros
630 511 838 552 doininos
857 515 895 553 el
922 514 1232 567 proeurahires
1255 510 1296 551 in
1322 524 1413 552 reni
1436 513 1646 552 vestram.

211 580 399 622 Nomine
426 583 575 622 aulem
608 581 740 636 liujus
776 582 1079 623 irrevocaliilis
1111 581 1401 624 vemlicionis,
1436 596 1533 634 ego,
1565 582 1710 623 dictus

151 651 364 705 magister
391 651 664 694 Florencius.
698 653 788 693 scio
817 656 861 694 el
883 654 923 694 in
952 653 1137 695 veritate
1159 652 1377 694 confiteor
1405 666 1474 694 me
1498 653 1709 694 lialiuisse

147 737 175 764 a
195 722 325 764 vobis
355 725 400 764 et
437 723 606 775 into-„rw
636 724 857 779 recepisse
885 726 1101 766 ducentas
1124 724 1259 765 libras
1281 724 1601 777 melgorienses
1631 738 1709 778 pro

148 794 318 849 precio,
354 794 411 836 ita
446 795 567 849 quod
607 795 768 836 exinde
809 810 896 836 non
932 795 1146 837 remansit
1180 810 1317 850 penes
1349 809 1430 836 vos
1459 795 1628 850 aliquid
1653 796 1707 836 ad

147 864 443 908 solvendum:
485 865 527 906 in
562 866 727 920 quibus
769 866 960 908 scienter
992 870 1034 908 el
1061 880 1275 921 expresse
1305 866 1516 908 renuncio
1550 880 1710 921 exeep—

150 935 258 978 tioni
287 950 375 978 non
406 940 638 978 numerate
668 938 871 992 pecunie,
898 941 940 980 et
963 938 1065 979 boni
1088 951 1139 979 ac
1164 938 1268 993 justi
1300 937 1433 992 precii
1457 951 1544 979 non
1569 937 1706 989 lialiili

148 1020 228 1049 nec
267 1008 447 1062 recepti.
492 1008 535 1048 si
572 1011 722 1049 autem
758 1010 921 1050 domus
941 1009 1124 1051 vendita
1144 1009 1244 1064 plus
1266 1009 1384 1050 valet
1404 1008 1522 1050 dicto
1542 1009 1704 1063 precio,

148 1081 291 1121 totum
329 1078 437 1120 illud
475 1082 893 1135 ‹1uanlum‹i·unupie
926 1080 998 1126 sil,
1040 1080 1139 1121 licet
1169 1079 1401 1121 dimidiam
1431 1079 1538 1134 justi
1574 1079 1705 1134 precii

144 1151 396 1196 excederet,
437 1151 556 1191 dono
587 1151 715 1191 voliis
743 1154 787 1191 et
822 1151 982 1192 vestris
1017 1151 1404 1192 successoribus...
1449 1151 1571 1192 Unde
1608 1164 1709 1205 pro-

145 1220 274 1263 mitto
304 1220 485 1262 vobis...
518 1222 637 1276 quod
662 1221 825 1263 dictam
849 1220 1049 1263 domum.
1065 1255 1088 1263 ..
1125 1222 1284 1263 faciam
1307 1236 1388 1263 vos
1410 1224 1454 1263 et
1476 1225 1703 1263 vestros...

144 1291 375 1347 possidere
402 1292 444 1333 in
470 1305 592 1347 pace,
622 1295 665 1333 et
695 1293 752 1333 al)
783 1293 905 1334 ouini
937 1307 1143 1347 persona,
1163 1293 1446 1347 questionem
1479 1296 1704 1338 movente,

143 1362 383 1405 delendam
423 1363 467 1404 in
517 1363 682 1418 judicio
729 1367 773 1404 et
826 1367 953 1405 extra
993 1364 1209 1419 judicium
1262 1364 1476 1419 expensis
1518 1364 1708 1419 propriis

143 1448 225 1476 vos
255 1437 300 1476 et
331 1437 504 1476 vestros
535 1448 895 1484 successores3...
939 1436 1063 1485 Quod
1094 1436 1128 1477 si
1159 1450 1246 1477 nou
1279 1436 1524 1477 lacerem...
1565 1438 1706 1477 tolum

144 1505 376 1548 restituam
415 1506 584 1561 integre
619 1509 663 1547 et
702 1506 744 1547 in
785 1520 907 1561 pace.
939 1508 1124 1548 credens
1165 1507 1267 1548 iudo
1308 1507 1435 1547 vobis
1463 1510 1505 1548 et
1548 1507 1707 1548 vestris

143 1576 478 1619 successoribus
517 1577 709 1632 si111pli‹·i
748 1578 885 1619 verbo
922 1581 1085 1619 veslro.
1133 1578 1401 1632 l’roquilms
1426 1578 1706 1632 complendis

142 1651 186 1690 et
232 1648 518 1690 attendendis
565 1651 608 1690 et
661 1662 740 1703 pro
789 1649 1065 1690 evictione...
1113 1649 1262 1703 obligo
1299 1648 1428 1690 vobis
1467 1652 1509 1690 et
1545 1649 1705 1691 vestris

142 1719 477 1762 suecessoribus
506 1733 576 1761 me
607 1723 649 1761 et
678 1734 819 1767 meos,
851 1724 895 1762 et
922 1720 1076 1761 omnia
1096 1722 1216 1762 bona
1237 1723 1279 1762 et
1302 1720 1401 1775 jura
1423 1734 1574 1762 mea...
1605 1721 1707 1761 l’ro-

141 1791 270 1833 mitto
300 1790 498 1833 eciam...
531 1792 650 1846 quod
676 1791 921 1845 predictam
945 1791 1272 1839 vendicionem,
1308 1794 1351 1833 et·
1380 1791 1533 1833 onmia
1553 1794 1597 1833 et
1619 1791 1706 1832 sin-

139 1861 245 1917 gula
276 1861 534 1917 supradicta
566 1863 758 1903 servabo
789 1865 833 1904 et
862 1864 1022 1904 tenebo
1050 1864 1104 1904 ad
1148 1866 1345 1904 vestram
1375 1866 1419 1905 et
1451 1865 1703 1904 vestrorum

141 1946 453 1975 successorum
476 1932 792 1981 utilitatem...
821 1933 1106 1975 Renuncians
1141 1933 1394 1989 specialiter
1417 1936 1461 1975 et
1491 1946 1703 1989 expresse

139 2003 308 2046 accioni
339 2007 383 2046 et
410 2004 668 2059 excepcioni
703 2005 756 2046 de
791 2005 895 2047 dolo
928 2008 972 2046 et
1000 2005 1044 2046 in
1078 2004 1270 2053 factum,
1302 2008 1346 2047 ct
1373 2005 1585 2047 omnibus
1605 2005 1704 2047 aliis

137 2075 249 2131 juris
282 2078 326 2117 et
353 2075 455 2118 facti
486 2075 684 2122 auxiliis,
715 2076 880 2131 quibus
916 2090 1096 2131 possem
1131 2079 1287 2118 contra
1314 2076 1467 2118 venire
1489 2076 1531 2117 in
1558 2079 1700 2118 totum

77 2171 79 2176 ν
142 2146 210 2189 vel
232 2147 277 2188 in
301 2149 438 2202 parte.

196 2218 338 2268 Quam
360 2219 547 2260 domum
567 2233 650 2273 ego
674 2220 899 2265 tenebam,
925 2222 968 2260 et
1001 2221 1150 2261 [encre
1181 2219 1419 2262 debebam.
1445 2234 1471 2261 a
1506 2219 1632 2260 vobis
1658 2222 1701 2261 et

138 2289 300 2331 vestris
336 2290 693 2337 successoribus,
727 2291 811 2331 sul)
841 2304 993 2331 annuo
1024 2290 1195 2332 usatico
1223 2291 1415 2331 duorum
1454 2290 1698 2332 solidorum

139 2360 522 2414 melgoriensium‚
548 2361 766 2403 solvendo
796 2361 838 2402 in
868 2361 980 2403 lesto
1010 2361 1125 2403 beati
1149 2361 1394 2403 Michaelis.

197 2431 366 2472 Horum
394 2432 598 2474 omnium
628 2435 733 2474 sunt
764 2435 898 2481 testes
934 2432 1148 2487 magister
1184 2433 1338 2474 l‘elrus
1364 2432 1528 2474 Juliani
1558 2433 1704 2474 archi—

135 2502 367 2549 diaconus,
391 2503 648 2558 Stephanus
673 2503 911 2545 ltaimundi
933 2503 1132 2545 canonici
1157 2504 1515 2557 Magalonenses,
1545 2505 1699 2546 l'ctrus

136 2573 327 2615 Baudilii
357 2576 500 2615 rector
525 2575 577 2616 de
606 2574 809 2621 'Peiran‹›,
843 2575 1096 2616 Bet-nardus
1128 2575 1305 2616 ltazcire
1340 2578 1484 2616 rector
1513 2575 1695 2617 ecclesie

135 2645 191 2687 de
223 2645 496 2692 Sursanicis‚
535 2648 579 2687 et
614 2646 764 2701 plures
792 2645 894 2691 alii,
939 2648 981 2686 et
1015 2646 1245 2688 ‚lohannes
1274 2647 1491 2693 anenc,
1528 2646 1695 2687 domini

134 2715 318 2771 predicti
349 2716 547 2772 episcopi
574 2717 616 2758 iu
639 2730 720 2759 sua
741 2716 905 2759 diocesi
928 2719 972 2757 ct
993 2716 1208 2758 comitatu
1229 2717 1427 2772 Melgorii
1449 2720 1492 2758 et
1515 2717 1697 2758 Nlonlis-

133 2786 329 2829 ferrandi
357 2788 520 2842 publici
553 2788 728 2833 notarii,
766 2787 842 2842 qui
879 2788 1119 2829 mandatus
1160 2788 1238 2829 hcc
1274 2788 1450 2842 scripsit
1486 2790 1525 2828 el
1570 2787 1696 2842 signo

133 2871 215 2900 suo
244 2857 454 2913 signavit.

1139 2918 1233 2953 ‹lla-g.
1262 2918 1293 2948 l‘j.
1319 2918 1375 2946 ful.
1404 2917 1456 2964 l'i'i
1481 2921 1530 2949 ι·”).
