2070 3486
977 289 1025 294 -
1063 264 1149 305 446
1182 289 1235 294 -

329 374 449 401 mum
481 373 689 400 solanum
732 362 768 398 el
804 358 997 399 mediam
1038 360 1229 399 noctem.
1273 358 1324 398 G.
1367 358 1433 398 Jo.
1479 357 1624 401 exire,
1656 361 1700 399 et
1725 357 1887 400 intrare

329 429 960 484 donnumpredicti·mulii-ris.
984 429 1165 469 abierat
1192 429 1301 469 sola.
1330 428 1450 469 bixit
1467 429 1585 482 ‘quod
1613 429 1723 470 vidit
1746 429 1889 483 ipsam

332 502 562 542 mulieri-ni
588 500 760 554 aperiri*
789 499 954 540 ostium
979 500 1142 540 domus
1165 502 1209 540 et
1234 499 1457 540 claudere.
1490 501 1533 540 et
1558 500 1610 540 G.
1635 498 1703 540 .Ιο.
1735 502 1891 554 postea

329 573 567 613 bili-antem
591 574 635 611 et
659 573 900 611 exeuntmn
923 570 1088 611 dictam
1108 571 1308 611 domum.

390 644 494 684 lteui
521 643 633 683 dixit
662 642 826 682 lamam
856 655 954 683 esse
977 641 1021 682 in
1051 641 1168 683 dicto
1190 645 1351 684 castro.
1383 642 1504 696 quod
1527 642 1575 681 G.
1603 641 1690 685 Jo..
1718 641 1890 683 babens

329 727 530 754 uxorem.
566 713 721 753 babuit.
745 725 834 753 rem
859 726 959 753 cum
985 712 1190 766 pluribus
1211 712 1310 753 aliis
1338 712 1606 767 conjugatis.

390 785 494 825 ltem
530 784 639 824 dixit
680 783 845 824 tamam
877 783 1013 824 luisse
1052 783 1093 824 in
1126 786 1272 825 rastro
1299 784 1353 825 de
1382 784 1745 830 Nlontebazenco,
1771 783 1889 837 quod

329 859 372 895 S.
421 855 641 895 Vinceia-ii
696 854 982 908 subripuerat
1020 868 1088 895 res
1138 856 1192 895 de
1243 855 1378 896 domo
1426 854 1652 901 mulieris,
1711 854 1892 896 nomine

326 930 517 967 tii-osse:
559 929 599 966 vt
632 926 921 979 postmodum
949 925 1055 966 vidit
1085 925 1254 967 dirtum
1279 928 1324 967 S.
1354 925 1594 972 Vincencii‚
1618 925 1891 967 existentem

326 998 369 1038 in
389 997 619 1051 presencia
631 996 813 1037 domine
834 996 1107 1043 Vassadeno,
1127 996 1417 1038 confitentem
1433 1000 1478 1038 et
1497 999 1892 1050 recognoscentem

330 1068 496 1109 dictum
523 1067 704 1108 lurtum.

390 1140 497 1180 ltem
526 1139 640 1180 dixit
674 1154 718 1179 se
758 1138 923 1181 vidisse
957 1140 1076 1193 quod
1114 1140 1158 1180 S
1189 1137 1415 1181 Viucencii
1446 1138 1616 1194 juravit
1641 1151 1821 1194 pacem;
1851 1141 1896 1181 et

332 1211 637 1265 postmodum.
666 1213 713 1250 ut
735 1210 967 1251 dicebatur
988 1214 1032 1252 et
1055 1209 1174 1252 fama
1196 1213 1306 1257 erat,
1333 1210 1427 1265 ipse
1453 1212 1497 1251 S.
1525 1209 1753 1251 Vincencii
1773 1209 1897 1251 stetit

332 1282 373 1322 ia
394 1284 537 1322 castro
557 1282 610 1321 de
638 1281 859 1322 baladuco
881 1295 981 1322 cum
1005 1282 1055 1323 G.
1082 1281 1169 1323 .lo.:
1196 1282 1316 1336 quod
1340 1280 1568 1338 [castrum]
1593 1283 1647 1323 de
1670 1280 1895 1323 Baladuco

330 1356 425 1393 erat
451 1352 910 1393 excommunicatum.

391 1424 497 1464 ltem
528 1423 786 1478 requisitus.
822 1424 935 1465 dixit
965 1438 1010 1465 se
1040 1425 1221 1466 audisse
1244 1424 1326 1466 dici
1357 1427 1401 1465 et.
1432 1424 1596 1465 lamam
1626 1437 1740 1472 esse,
1773 1423 1897 1479 quodi

330 1509 479 1536 remes
494 1495 739 1536 abstulerat
760 1488 929 1536 dictum
945 1498 1141 1537 castrum
1164 1497 1217 1537 de
1237 1496 1460 1537 Baladuco
1479 1495 1598 1537 dicto
1620 1495 1832 1537 (luidoni.

394 1637 607 1678 l’roduxit.
640 1637 851 1678 dominus
889 1637 1128 1692 episcopus
1157 1638 1394 1679 dominum
1426 1639 1471 1678 P.
1511 1637 1707 1692 priorem
1746 1636 1897 1679 Sancti

335 1708 554 1749 Vinceneii
577 1709 631 1748 de
660 1708 939 1762 Jonqueriis.
978 1722 1114 1764 super
1135 1709 1453 1763 reprobatione
1490 1709 1670 1750 testium
1706 1708 1761 1749 de
1795 1709 1898 1750 Por—

332 1779 482 1822 riauo:
506 1782 548 1819 vt
567 1780 814 1820 lJurautum
828 1779 1127 1834 capellanum,
1154 1783 1197 1822 et
1220 1781 1265 1821 P.
1289 1782 1545 1836 dyaconum
1565 1783 1609 1822 et
1628 1781 1692 1821 sst.
1714 1779 1896 1821 Dorrols

333 1851 673 1905 sulnlyaconum
704 1864 839 1905 super
866 1852 1042 1893 eodem.
1076 1852 1185 1893 Item
1216 1852 1504 1893 tluillelmam
1537 1852 1820 1898 Bonastram,
1853 1853 1897 1892 et

336 1922 378 1961 1¹.
406 1924 449 1962 et
479 1922 742 1963 Deodatum.
775 1922 892 1963 filios
921 1923 1032 1978 eju&
1066 1937 1202 1978 super
1228 1923 1547 1978 reprobatione
1574 1924 1625 1963 G.
1657 1923 1747 1964 Jo..

396 1994 436 2032 Ι).
467 1992 586 2047 prior
609 1993 759 2034 Sancti
784 1994 1010 2035 Vincencii
1034 1995 1088 2036 de
1109 1995 1380 2050 jonqueriis,
1409 1993 1534 2036 testis
1559 1994 1751 2049 juratus,
1782 1992 1901 2035 dixit

335 2078 380 2103 se
406 2063 570 2104 vidisse
599 2067 642 2105 et
669 2065 848 2106 audisse
879 2066 996 2119 quod
1027 2066 1288 2120 capellanus
1316 2067 1370 2107 de
1394 2065 1610 2107 Porciano
1637 2065 1900 2106 excommu-

339 2134 518 2178 nicavit,
547 2136 759 2176 mandato
782 2136 952 2177 domiui
985 2136 1199 2191 episcopi,
1232 2138 1455 2192 quosdam
1484 2135 1692 2177 homines
1714 2136 1769 2177 de
1796 2136 1900 2176 Por-

337 2205 479 2249 ciano,
526 2205 598 2259 qui
633 2206 895 2259 juraverant
938 2221 984 2249 se
1027 2207 1254 2249 soluturos
1294 2205 1578 2264 Rlaimundo]
1609 2206 1806 2254 comiti,
1844 2206 1900 2247 ad

336 2278 501 2316 certain
526 2276 662 2328 diem,
685 2280 851 2318 certam
875 2279 1175 2332 quantitatem
1198 2278 1425 2334 peccunie,
1449 2281 1492 2320 et
1509 2277 1839 2333 dejeraverant.

397 2346 698 2399 latita-rogatus
726 2349 919 2402 qualiter
939 2349 1020 2391 scit
1038 2351 1156 2404 quod
1180 2349 1591 2391 excommunicatio
1609 2347 1904 2404 processisset

339 2418 551 2458 mamiato
583 2419 750 2459 domiui
786 2420 1012 2475 episcopi,
1065 2420 1182 2462 dixit
1215 2422 1336 2476 quod
1370 2420 1484 2462 vidit
1523 2420 1695 2461 litteras
1729 2419 1903 2461 domini

339 2488 557 2542 episcopi.
592 2489 635 2529 in
662 2490 827 2543 quibus
855 2491 1171 2532 continebatur
1204 2492 1469 2533 mandatum
1505 2490 1550 2531 in
1577 2490 1696 2532 dicta
1723 2502 1904 2532 excom-

343 2558 650 2600 niunicacione
675 2560 893 2602 facienda.
1585 2605 1588 2609 .

402 2630 508 2670 ltem
530 2629 829 2685 interrogatus
843 2632 1037 2686 ‹riualiter
1050 2633 1132 2675 scit
1143 2635 1263 2688 quod
1281 2633 1386 2675 dicti
1399 2632 1607 2674 homines
1619 2633 1674 2674 de
1691 2631 1904 2674 Porciano

338 2699 564 2754 jurassent
587 2700 872 2760 ltlaimundo]
896 2704 1046 2746 comiti
1075 2706 1128 2746 ‹le
1157 2708 1276 2747 certa
1298 2703 1511 2760 peccunie
1533 2703 1786 2759 quantitate
1818 2701 1906 2744 sol-

344 2773 489 2813 venda
515 2773 568 2813 ad
602 2776 768 2814 certam
795 2774 913 2815 diem
946 2778 989 2817 et
1015 2776 1315 2831 dejerassent,
1356 2775 1590 2831 respondit
1627 2775 1749 2830 quod
1789 2772 1907 2831 Rlai-

343 2843 555 2897 muudus]
587 2857 736 2886 comes
764 2845 932 2900 pluries
965 2851 1240 2902 conquestus
1280 2847 1364 2888 fuit
1394 2846 1541 2888 eidem
1570 2846 1701 2893 testi,
1738 2847 1783 2887 et
1808 2844 1905 2899 ipse

345 2913 453 2954 vidit
474 2913 827 2957 instrumentum
846 2917 1001 2965 debiti,
1022 2918 1066 2959 in
1084 2933 1174 2973 quo
1194 2918 1510 2960 continebatur
1531 2917 1674 2959 dictos
1697 2915 1906 2958 homines
