2070 3486
767 379 1024 422 —187-

114 475 258 518 habeo
290 476 410 530 apud
451 475 981 529 Montempessulanum:
1020 477 1059 516 et
1097 475 1250 517 omnia
1279 475 1379 529 jura
1417 489 1503 529 que
1533 474 1677 517 habeo

113 549 156 588 et
189 546 354 588 habere
381 546 523 587 debeo
559 545 602 587 in
639 545 870 599 parrochia
901 545 1048 586 Sancti
1086 545 1262 586 Martini
1303 546 1357 587 ‹le
1396 545 1601 593 Lundris,
1633 547 1677 585 et

115 617 247 659 Beate
277 616 415 659 Marie
442 618 497 658 de
525 615 731 665 Lundris,
769 619 810 657 et
840 616 882 656 in
923 616 1155 670 parrochia
1189 616 1336 658 Sancti
1368 615 1586 671 Stephani
1622 616 1676 657 dr

114 688 329 734 lssanzac,
359 690 405 729 et
438 687 482 728 in
518 687 751 742 parrochia
784 687 932 728 Sancti
966 687 1141 727 Andri-e
1171 688 1224 727 ‹h—
1257 687 1404 741 Roga,
1445 690 1488 728 rt
1526 687 1673 729 Sancti

110 758 329 801 Johannis
361 758 416 800 de
448 758 581 812 Boga,
619 761 662 799 et
696 757 738 798 in
769 757 1003 812 parrochia
1039 758 1187 799 Sancti
1224 758 1412 800 Baudilii
1447 760 1489 799 et
1526 757 1675 799 Sancti

113 829 358 880 Saturnini,
396 831 440 870 et
472 828 514 869 in
547 831 636 870 tota
678 828 911 883 parrochia
951 828 1099 869 Sancti
1132 828 1300 870 Nazarii
1344 830 1397 870 (le
1427 828 1673 871 Breissaco.
1733 817 1742 850 ¹.

111 902 156 942 et
182 900 225 941 in
253 899 489 955 parrochia
516 898 669 941 Sancti
694 899 870 941 Leoncii
899 900 952 940 de
977 898 1218 941 Cassiliaco
1239 899 1317 952 (l).

171 971 222 1013 Et
235 970 454 1013 confiteor
474 970 781 1025 solempniter.
808 972 852 1011 et
873 983 1144 1024 recognosco
1166 983 1235 1011 nn·
1252 970 1448 1013 dedisse.
1468 971 1677 1012 laudasse·

111 1045 155 1084 et
180 1041 455 1084 concessisse
478 1041 677 1096 predicta
704 1041 957 1083 Raimundo
983 1040 1113 1087 l‘etri.
1144 1040 1234 1082 lilio
1264 1054 1378 1087 ineo,
1406 1054 1504 1082 cuin
1539 1055 1676 1082 uxore

111 1126 208 1161 sua,
231 1126 286 1156 ex
314 1112 562 1155 donacione
588 1115 770 1167 propter
798 1112 1000 1167 nupcias.

170 1184 332 1226 Villam
368 1197 447 1226 seu
473 1186 670 1226 castrum
710 1183 936 1238 Agantici,
983 1196 1085 1224 cum
1128 1183 1341 1224 omnibus
1389 1183 1675 1237 pertinenciis

110 1256 220 1303 suis,
244 1258 290 1298 et
309 1255 463 1297 omnia
480 1255 581 1310 jura
607 1269 695 1310 que
716 1255 939 1296 habebam
963 1257 1006 1296 et
1027 1254 1192 1296 habere
1215 1254 1437 1295 debebam
1452 1254 1504 1311 *in
1531 1257 1676 1295 castro

110 1328 165 1369 de
199 1325 490 1372 Monteolivo,
529 1329 573 1368 et
607 1326 650 1367 in
685 1325 778 1367 suis
813 1325 1131 1380 pertinenciis:
1176 1328 1215 1366 et
1255 1324 1408 1365 omnio
1450 1325 1551 1379 jura
1591 1339 1677 1379 que

110 1398 255 1441 habeo
274 1400 317 1440 et
337 1398 504 1440 habere
532 1397 690 1447 debeo,
714 1409 1000 1452 quecumque
1022 1399 1066 1438 et
1084 1396 1358 1451 ubicumque
1382 1396 1486 1442 sint,
1511 1409 1537 1437 a
1558 1395 1677 1437 dicto

108 1472 256 1513 castro
282 1470 336 1512 de
357 1468 631 1511 Monteolivo
654 1481 797 1524 usque
820 1468 862 1509 in
891 1467 1046 1509 villam
1069 1468 1345 1509 Nantensem
1366 1467 1446 1519 (2),
1474 1466 1674 1508 videlicet

109 1540 263 1584 omnia
285 1540 385 1596 jura
412 1554 500 1595 que
535 1540 679 1582 habeo
709 1540 777 1581 vel
814 1539 979 1581 habere
1011 1540 1153 1581 debeo
1188 1538 1232 1580 in
1264 1538 1498 1594 parrochia
1527 1538 1674 1579 Sancti

110 1611 327 1667 Stephani
349 1612 404 1654 de
422 1611 713 1667 Monteolyvo
732 1610 838 1653 etin
862 1610 954 1652 suis
983 1609 1285 1665 pertinenciis.
1312 1613 1356 1651 et
1378 1609 1419 1650 in
1444 1609 1679 1664 parrochia

110 1683 261 1726 Sancti
279 1682 510 1725 Michaelis
531 1684 585 1725 de
607 1682 827 1725 Cathedra
851 1681 927 1736 (3).
951 1685 993 1723 et
1016 1682 1058 1723 in
1083 1681 1318 1736 parrochia
1340 1680 1487 1722 Sancti
1513 1680 1678 1721 Johan-

109 1754 179 1796 nis
206 1753 302 1796 dels
324 1752 531 1802 Baucels,
568 1756 612 1795 et
639 1754 683 1795 in
706 1753 943 1808 parrochia
973 1753 1123 1794 Sancti
1154 1752 1268 1794 Petri
1292 1753 1346 1803 (le
1371 1751 1602 1807 Agantico.
1635 1754 1675 1793 et

109 1824 154 1867 in
180 1824 418 1881 parrochia
446 1824 595 1867 Sancti
622 1824 803 1867 Juliani.
835 1826 880 1866 et
908 1824 949 1865 in
982 1823 1215 1878 parrochia
1244 1822 1395 1865 Sancti
1424 1821 1689 1867 Laurenciig

106 1899 153 1939 et
181 1896 229 1938 in
257 1895 492 1952 parrochia
525 1895 675 1938 Sancti
704 1895 875 1942 Briccii‚
911 1898 955 1937 et
988 1894 1033 1936 in
1056 1894 1290 1950 parrochia
1317 1893 1469 1936 Sancti
1499 1894 1676 1935 Andree

107 1968 163 2011 de
184 1967 417 2015 Pomeriis,
443 1970 488 2010 et
506 1967 553 2008 in
581 1966 818 2022 parrochia
846 1966 997 2008 Sancti
1025 1965 1205 2008 Martini
1227 1966 1282 2007 de
1304 1964 1671 2009 Montedisderio.

107 2042 152 2082 et
185 2039 231 2081 in
271 2038 519 2095 parrochiis
561 2039 615 2081 de
650 2039 810 2093 Rogis,
856 2041 899 2080 et
933 2038 976 2079 in
1015 2037 1252 2093 parrochia
1288 2036 1440 2079 Sancti
1484 2036 1674 2078 Baudilii

107 2110 161 2152 de
185 2108 394 2152 Blandus
421 2110 506 2165 (4),
539 2113 584 2152 et
619 2110 665 2152 in
704 2109 940 2165 parrochia
981 2110 1114 2152 Beate
1150 2109 1287 2151 Marie
1329 2108 1501 2156 d'Arre,
1549 2110 1593 2150 et
1631 2107 1674 2149 in

107 2181 344 2238 parrochia
379 2182 513 2224 Beate
554 2181 692 2224 Marie
725 2182 780 2223 de
819 2182 1043 2225 Sumena.
1081 2184 1125 2223 et
1163 2180 1207 2221 in
1249 2179 1484 2235 parrochia
1525 2179 1675 2222 Sancti

107 2252 287 2296 Genesii
314 2251 546 2309 d'AriqaZ,
582 2256 627 2295 et
662 2253 707 2294 in
739 2252 975 2308 parrochia
1010 2252 1161 2294 Sancti
1189 2251 1369 2293 Martini
1397 2253 1452 2293 de
1475 2251 1639 2293 Alsone
1664 2266 1671 2293 :

107 2327 151 2367 et
177 2327 322 2367 totum
346 2324 431 2366 hoc
457 2325 579 2380 quod
608 2324 831 2366 habebam
861 2327 904 2365 et
928 2323 1094 2366 habere
1122 2323 1345 2365 debebam
1374 2322 1419 2363 in
1446 2325 1593 2364 castro
1621 2323 1675 2364 de

107 2395 333 2438 Rocafolio
360 2398 405 2438 et
431 2395 474 2437 in
503 2395 596 2437 suis
625 2394 942 2450 pertinenciis:
981 2394 1134 2436 omnia
1153 2394 1250 2449 jura
1279 2396 1431 2435 autem
1461 2407 1677 2448 quecum-

105 2480 193 2523 que
214 2469 259 2509 et
278 2467 555 2523 ubicumque
583 2466 687 2510 sint.
713 2480 800 2522 que
823 2466 939 2508 infra
967 2479 1125 2507 omnes
1154 2468 1197 2507 et
1220 2464 1421 2519 singulas
1451 2464 1673 2520 predictas

108 2538 365 2594 parrochias
405 2538 628 2581 habebam
669 2541 712 2580 et
756 2539 920 2579 habere
965 2537 1206 2581 debebam,
1257 2536 1374 2578 dicto
1419 2536 1673 2578 Raimundo

153 2692 202 2738 (1)
232 2691 473 2729 Identifions
494 2692 553 2728 les
576 2692 712 2728 moins
739 2702 925 2728 connues
950 2691 999 2727 de
1027 2702 1095 2728 ees
1118 2691 1354 2738 paroisses:
1388 2689 1669 2727 Saint-Andre

105 2754 146 2788 et
170 2751 406 2788 saint-seam
439 2751 487 2787 ‹le
518 2752 693 2797 Bueges.
731 2750 1038 2787 Saint-Bauzile
1066 2750 1113 2786 de
1144 2750 1302 2791 Putois,
1328 2748 1666 2785 Saint-Saturnin

106 2810 330 2858 d'Agones.

153 2870 201 2915 (2)
231 2870 356 2907 Cart.:
380 2872 644 2906 Nantencem:
672 2871 796 2910 Nant,
819 2869 1021 2905 ancienne
1043 2868 1208 2914 abbaye
1225 2868 1474 2914 (Aveyronff.

153 2929 201 2975 (3)
230 2930 286 2966 La
307 2928 475 2966 Cadiere
499 2929 652 2976 (Gard)‚
677 2931 772 2976 pres
795 2931 983 2976 Ganges.

153 2988 201 3034 (4)
229 2989 354 3026 Cart.:
379 2989 514 3024 Bolaz.
539 2988 879 3025 L'identification
897 3000 946 3023 ne
966 2988 1100 3035 parait
1120 2999 1193 3035 pas
1213 2987 1414 3024 douteuse·
1435 2999 1440 3021 z
1471 2986 1560 3021 voir
1578 2986 1668 3033 plns

106 3047 222 3090 haut,
244 3047 349 3085 dans
365 3059 409 3084 ce
432 3048 567 3085 meme
588 3049 831 3087 testament,
