2070 3486
0 1025 37 1341 “³:453‘41-’22357555n

0 2681 17 2716 ’.θ
0 2556 19 2670 ’“ῗᾪ.α“
0 2461 18 2535 θέα
10 2414 21 2441 ς..
14 2391 18 2394 .
11 2330 15 2343 -

819 294 1079 337 —361—

170 390 379 432 nabiliter
414 390 580 432 tulerit.
620 390 654 432 si
691 390 806 431 ultra
841 402 921 431 sex
965 403 1143 432 menses
1181 390 1222 430 in
1264 405 1342 432 sua
1368 392 1540 433 malicia
1571 393 1728 447 persti-

169 461 304 504 terint
325 461 408 515 (l).
446 475 471 503 a
493 461 672 503 nemine
701 461 889 503 relaxari
921 461 1108 516 possint.
1135 461 1275 502 donec
1311 462 1620 504 111al‹=t'act‹›1·es
1644 464 1725 518 ipsi

168 532 314 575 eidem
349 532 645 574 satisfecerint
680 535 1013 586 competenter.
1055 534 1120 573 et.
1159 545 1259 573 cum
1300 532 1439 586 ipsius
1480 534 1726 575 litterarum

169 603 444 650 testimonio,
472 603 653 645 veniant
683 603 980 658 personaliter
1005 604 1061 645 ad
1085 604 1246 645 §edem
1271 604 1573 657 Apostolicam
1597 606 1730 646 abso-

167 674 351 717 lutionis
382 674 650 716 beneficium
679 674 876 729 petituri,
911 674 993 715 nisi
1023 674 1086 725 (2)
1120 675 1174 715 de
1209 674 1389 729 speciali
1429 676 1570 728 gratia
1601 677 1727 717 sedis

169 745 423 802 Apostolice
447 759 603 787 eorum
625 745 959 788 absolutionem
982 745 1160 787 duxerit
1182 745 1242 799 (3)
1264 746 1650 788 commmittendum.
1685 751 1729 788 nt

166 817 404 860 audientes
426 821 623 859 vestram
647 817 974 872 indulgentiam
1003 817 1103 871 plus
1124 816 1309 858 timeant
1338 817 1487 871 ipsum
1520 821 1560 859 et
1589 818 1731 859 Eccle-

168 887 279 930 siam
311 901 456 935 suam,
488 890 531 929 et
559 887 723 943 inipso
752 888 1001 929 Romanam
1031 887 1272 929 Ecclesiam
1301 889 1573 942 superdicto
1595 889 1731 930 comi-

167 962 264 1002 tatu
290 958 536 1006 offendere..
569 972 671 1000 cum
701 959 888 1014 dignum
911 959 969 1000 sit
997 962 1044 1000 ut
1071 972 1185 1014 quos
1208 959 1269 1011 (4)
1297 959 1372 1000 Dei
1398 959 1531 1000 timor
1557 974 1580 1001 a
1612 960 1729 1001 malo

166 1043 257 1073 non
279 1033 474 1078 revocat,
499 1030 796 1072 ecclesiastice
815 1030 963 1072 saltim
986 1030 1216 1072 coherceat
1241 1030 1457 1071 severitas
1476 1030 1725 1085 discipline.

227 1102 348 1144 Idem
377 1101 600 1157 supplicat
636 1101 869 1144 Sanctitati
891 1102 1064 1144 Vestre.
1099 1104 1323 1156 quatenus
1346 1102 1584 1156 pedagium
1608 1103 1726 1157 quod

167 1176 364 1216 castrum
392 1173 777 1215 Montisferrandi.
822 1173 992 1214 ratione
1029 1173 1133 1214 dicti
1166 1173 1433 1214 comitatus.
1478 1188 1555 1228 per
1598 1173 1729 1227 longa

166 1248 386 1300 tempora.
411 1258 468 1286 ex
491 1245 657 1299 quibus
685 1257 773 1286 non
805 1247 954 1286 exstat
987 1245 1217 1291 memoria.
1250 1244 1292 1285 in
1332 1245 1483 1285 stratis
1514 1245 1724 1299 percepit,

166 1319 211 1358 et
240 1316 388 1359 adhuc
417 1315 625 1371 percipit.
664 1315 747 1357 sibi
776 1315 1021 1370 dignemini
1058 1315 1343 1357 confirmare.
1369 1316 1587 1357 addentes
1626 1319 1671 1357 nt
1695 1317 1729 1356 si

166 1387 254 1435 illi,
293 1401 319 1429 a.
352 1387 518 1443 quibus
550 1387 717 1429 dictum
757 1387 998 1442 pedagium
1033 1387 1166 1428 debet
1204 1387 1367 1441 recipi.
1411 1402 1498 1429 non
1546 1387 1728 1428 fecerint

168 1458 406 1501 transitum
440 1472 520 1514 per
546 1459 657 1505 loca,
688 1459 741 1500 ad
772 1459 854 1500 hoc
891 1458 1143 1513 specialiter
1175 1459 1405 1513 deputata.
1452 1459 1533 1499 sibi
1581 1458 1725 1502 liceat.

167 1530 440 1586 ubicumque
463 1529 670 1577 voluerit,
703 1529 817 1571 infra
845 1529 994 1584 ipsum
1022 1529 1283 1571 comitatum
1315 1530 1461 1585 ipsum
1486 1529 1727 1585 pedagium

165 1601 375 1657 recipere.

224 1672 347 1715 Idem
375 1672 599 1728 supplicat
620 1672 853 1715 sanctitati
873 1672 1046 1714 Vestre.
1070 1675 1295 1727 quatenus
1315 1672 1547 1714 ecclesiam
1579 1671 1730 1713 sancti

166 1743 383 1800 Stephani
405 1744 460 1785 de
482 1744 716 1799 Bejanicis,
749 1757 828 1786 sue
855 1744 1062 1787 diocesis.
1095 1743 1338 1799 episcopali
1363 1756 1518 1784 mense
1546 1757 1570 1784 a
1601 1743 1730 1797 longe

166 1815 396 1858 retroactis
429 1815 711 1870 temporibus
740 1818 1015 1857 reservatam
1039 1816 1130 1863 (ὃ).
1169 1814 1253 1856 sihi
1289 1814 1534 1869 dignemini
1570 1814 1732 1856 confir-

166 1900 306 1929 mare.

223 1958 345 2000 Idem
358 1957 583 2012 significat
599 1958 834 2000 Sanctitati
855 1958 1159 2013 Vestre.‹1t10d
1177 1957 1379 2000 nonnulli
1393 1956 1538 1999 clerici
1555 1960 1597 1998 et
1615 1956 1725 1998 laici.

163 2032 318 2072 contra
359 2029 577 2072 vassallos
608 2044 686 2071 seu
724 2029 926 2071 feudales
962 2043 1084 2072 suos.
1127 2042 1264 2084 super
1301 2030 1433 2071 rebus
1477 2028 1729 2070 feudalibus

163 2114 277 2156 quas
303 2101 361 2143 ab
388 2101 486 2156 ipso
514 2104 665 2143 tenent
701 2101 745 2142 in
780 2101 964 2143 feudum
999 2100 1151 2155 aliquo
1175 2102 1310 2142 modo
1337 2115 1363 2142 a
1392 2101 1506 2141 Sede
1539 2101 1731 2154 Aposto-

163 2173 262 2219 lica,
293 2172 537 2228 aliquando
566 2173 698 2214 modo
726 2187 752 2215 a
780 2173 937 2228 legatis
965 2172 1107 2227 ipsius
1136 2172 1264 2213 Sedis
1294 2171 1563 2226 Apostolice.
1596 2170 1728 2212 tacito

93 2240 96 2242 ’
161 2245 283 2300 quod
323 2257 394 2286 res
432 2244 555 2299 ipse,
596 2258 733 2300 super
771 2245 936 2299 quibus
966 2244 1233 2299 impetrant.
1278 2243 1366 2285 sint
1407 2242 1628 2284 feudales.
1673 2242 1728 2283 ad

163 2315 339 2371 aliquos
359 2315 421 2370 (6)
452 2315 624 2371 judices
654 2329 836 2358 causam
866 2316 1109 2370 impetrant
1139 2315 1351 2369 delegari.
1390 2327 1539 2356 coram
1563 2313 1730 2368 quibus

162 2400 266 2430 cum
293 2387 472 2430 vassalli
495 2387 590 2430 sive
613 2387 814 2429 feudales
838 2387 922 2442 ipsi
944 2387 1212 2441 excipiendo
1235 2389 1493 2441 proponunt
1515 2386 1634 2440 quod
1661 2398 1730 2425 res

164 2458 287 2513 ipse,
334 2472 470 2514 super
505 2459 671 2514 quibus
709 2459 1011 2500 conveniunt.
1064 2457 1262 2499 feudales
1307 2457 1529 2500 existant.
1573 2459 1615 2497 et
1645 2455 1727 2510 ipsi

165 2529 307 2585 parati
343 2529 433 2572 sint
471 2533 625 2572 contra
659 2530 756 2585 ipso
793 2530 977 2571 domino
1013 2529 1130 2571 feudi
1167 2529 1380 2570 exhibere
1411 2536 1488 2573 (em
1519 2526 1650 2568 blan(-
1677 2526 1730 2568 (le

212 2666 259 2710 (1)
289 2666 414 2702 Cart.:
438 2668 671 2711 pertinet-il.

252 2731 260 2766 )
288 2725 414 2761 Cam:
439 2726 554 2762 nicsi.

250 2785 259 2826 )
288 2785 414 2821 Cart.:
439 2785 600 2821 (Im-erit.

251 2844 259 2888 )
289 2843 415 2880 Cart.:
439 2844 555 2890 quod.

251 2903 259 2937 l
289 2903 415 2939 Carta
443 2907 695 2940 reservatum.

251 2962 260 3007 )
291 2961 417 2999 Cart-z
441 2964 616 3010 aliquod.
