2070 3486
796 317 847 322 -—
883 291 968 332 675
1002 317 1054 321 —

148 385 269 441 prior
289 385 438 427 Sancti
460 385 660 427 Firmini.
692 388 731 426 et
754 386 981 428 Johannos
1010 385 1158 432 Blanc,
1184 387 1328 426 rector
1347 384 1530 426 ecclesie
1553 384 1702 425 Sancti

146 454 340 510 Georgii,
376 459 686 511 procuratores
720 456 969 511 ltaymundi
1002 457 1055 497 dc
1086 458 1255 511 ltuppe,
1284 455 1482 497 vestiarii
1509 455 1702 510 Magalo-

147 527 327 574 nensis,
360 527 556 569 Parisius
592 540 710 568 nunc
744 528 994 568 studentis.
1033 542 1111 582 pro
1153 527 1248 582 ipso
1289 527 1497 568 vestiario
1537 529 1580 568 et
1607 526 1702 581 cim

145 598 350 646 nomine,
382 612 438 640 ex
469 597 638 647 altera3
676 601 861 652 pensata
893 598 1087 640 evidenti
1127 598 1332 640 utilitate.
1370 597 1569 639 feceruut
1600 597 1703 638 hinc.

145 671 190 711 et
214 668 318 711 inde
352 668 750 724 permutacionem,
788 669 1058 712 cessionem.
1091 669 1399 720 excambium,
1438 682 1515 710 scu
1543 682 1705 711 convc-

145 730 366 783 nieneiam
391 744 612 787 mutuam,
638 740 682 781 in
704 740 820 781 hunc
844 741 1028 782 modum
1053 755 1059 781 1

202 883 291 925 Nos
336 883 517 929 Petrus,
564 882 718 924 divina
758 883 1050 925 miseracione
1094 883 1425 937 Magaloncnsis
1464 883 1703 937 episcopus

143 953 499 1009 supradictus,...
521 953 662 995 titulo
692 954 1042 1009 permutacionis
1082 968 1159 995 seu
1199 954 1446 997 excambii.
1488 957 1703 1009 perpetuo

142 1024 498 1080 derelinquimus
526 1024 670 1067 vohis.
702 1025 941 1066 Guillclmo
969 1024 1245 1067 Christotori.
1276 1025 1590 1066 archidiacono
1612 1025 1704 1067 Ma-

140 1095 394 1151 galonensi.
426 1099 469 1138 et
495 1096 688 1138 Johanni
727 1096 858 1138 Blanc
894 1096 1129 1151 predictis,
1162 1096 1482 1151 stipulantibus
1516 1099 1559 1138 ct
1597 1096 1705 1138 reei-

141 1167 370 1223 pientibus
404 1180 486 1222 pro
517 1167 635 1209 dieto
668 1167 895 1210 vestiario.
934 1170 976 1209 et
1005 1168 1184 1209 nomine
1219 1167 1375 1222 ipsius.
1417 1181 1469 1209 ae
1507 1181 1586 1222 per
1622 1181 1703 1209 vos

141 1238 287 1281 eidem
317 1238 528 1280 vestiario
568 1241 612 1280 et
645 1238 978 1280 successoribus
1007 1238 1115 1285 suis,
1155 1238 1320 1280 scilicet
1348 1239 1502 1293 viginti
1536 1239 1703 1280 solidos

139 1309 462 1365 melgorienses
489 1310 542 1351 de
576 1312 728 1351 nostro
761 1310 986 1352 vestiario.
1026 1324 1100 1351 scu
1132 1311 1184 1351 de
1215 1310 1299 1351 hiis
1327 1324 1414 1365 que
1444 1324 1522 1365 per
1543 1310 1703 1352 vestia-

140 1380 281 1428 rium,
324 1394 404 1423 seu
447 1380 618 1423 ratione
661 1381 884 1426 vestiarii,
917 1382 1276 1436 percipiebamus
1321 1381 1582 1425 annuatim.
1632 1382 1703 1423 vel

139 1452 369 1508 percipere
395 1452 675 1494 debebamus
696 1467 704 1494 2
736 1466 910 1494 necnon
933 1453 1067 1494 ctiam
1097 1455 1139 1494 ct
1161 1452 1389 1507 quicquid,
1415 1452 1557 1507 ipsius
1579 1466 1704 1494 oeca-

139 1523 265 1567 sione
294 1523 511 1569 vestiarii.
548 1526 766 1579 quantum
797 1525 850 1565 ad
882 1524 1023 1565 dictos
1052 1524 1207 1579 viginti
1242 1523 1424 1571 solidos,
1456 1523 1600 1567 nobis.
1634 1523 1702 1565 vel

139 1595 305 1638 nostris
326 1595 676 1643 successoribus,
703 1595 910 1651 pertinet.
937 1596 1006 1637 vel
1042 1599 1191 1650 posset
1221 1595 1261 1636 in
1285 1598 1417 1637 antea
1451 1595 1701 1650 pertinere:

138 1680 253 1722 quos
289 1666 449 1722 viginti
486 1666 654 1709 solidos
687 1670 990 1709 extenuamus
1025 1670 1067 1709 et
1103 1667 1282 1722 penitus
1318 1679 1606 1708 removemus
1649 1667 1703 1708 de

137 1737 255 1780 dicto
285 1737 513 1785 vestiario,
549 1740 592 1780 et
619 1741 833 1786 remotos,
864 1737 1050 1783 solutos,
1083 1738 1256 1794 quietos
1285 1740 1325 1780 et
1355 1738 1571 1779 deductos
1606 1750 1703 1779 csse

137 1809 350 1852 volumus
391 1811 435 1851 et
475 1811 770 1855 mandamus,
819 1810 1059 1852 reservatis
1107 1810 1235 1851 nobis
1275 1813 1317 1851 et
1369 1808 1703 1851 successoribus

137 1879 303 1923 nostris
324 1880 591 1935 specialiter,
622 1883 667 1923 et
697 1880 881 1923 retentis
909 1880 1007 1922 aliis
1035 1880 1246 1922 omnibus
1274 1894 1362 1936 que
1384 1883 1534 1935 prctcr
1560 1879 1702 1922 dictos

137 1951 296 2007 viginti
324 1950 506 1999 solidos,
539 1954 584 1993 et
614 1951 702 2007 jus,
736 1965 814 2006 pro
843 1951 906 1993 eis
934 1952 1163 2006 pertinens
1185 1951 1315 1993 nobis
1344 1954 1387 1993 et
1413 1951 1579 1993 nostris
1607 1964 1704 1993 suc-

136 2022 412 2069 cessoribus,
451 2036 531 2078 pro
570 2026 722 2065 nostro
765 2022 974 2065 vestiario
1006 2023 1302 2066 exhibentur.
1344 2023 1413 2065 vel
1453 2023 1586 2064 debet
1626 2025 1704 2063 aut

136 2093 372 2136 consuevit
397 2094 615 2136 hactenus
642 2094 843 2136 exhiberi
866 2109 873 2135 :
911 2094 971 2135 ita
998 2096 1116 2149 quod
1141 2094 1289 2149 ipsum
1314 2093 1575 2136 vestiarium
1600 2093 1703 2134 soli-

137 2167 233 2208 turn
259 2178 351 2207 non
378 2165 464 2207 nisi
485 2164 530 2206 in
552 2165 628 2207 XX
658 2164 813 2207 solidis
836 2165 1082 2207 minuatur.

196 2237 384 2291 Propter
404 2236 487 2279 hoc
509 2239 660 2278 autem
685 2250 766 2278 nos
789 2236 1016 2291 predictus
1037 2237 1275 2292 episcopus
1297 2236 1555 2278 habuimus.
1581 2239 1625 2278 et
1645 2250 1702 2278 ex

136 2320 273 2350 eausa
299 2310 343 2350 et
370 2307 498 2350 titulo
530 2307 910 2363 permutacionis.
952 2307 1018 2349 vel
1052 2307 1299 2359 excambii,
1330 2321 1354 2349 a
1383 2307 1528 2354 vobis,
1561 2308 1703 2350 archi-

136 2377 325 2421 diacono
353 2381 397 2421 et
434 2378 638 2421 Johanne
675 2378 809 2421 Blauc
850 2379 1082 2434 predictis,
1127 2393 1206 2433 pro
1234 2379 1351 2420 dicto
1392 2379 1616 2427 vestiario,
1659 2382 1703 2420 ct

136 2449 318 2491 nomine
357 2449 517 2504 ipsius,
551 2449 704 2491 habita
732 2449 942 2505 utrinque
969 2463 1019 2492 ac
1052 2450 1253 2492 adhibita
1289 2449 1617 2492 deliberacione
1651 2462 1702 2492 ac

136 2520 508 2576 compensacione
551 2520 774 2576 diligenti,
815 2521 1039 2576 predictas
1081 2521 1286 2575 albergas
1329 2520 1548 2568 militum,
1588 2534 1700 2575 quas

135 2591 281 2634 dictus
308 2591 498 2634 Peneius
527 2591 737 2637 faciebat,
771 2606 850 2647 pro
885 2592 1002 2634 dicto
1034 2592 1192 2635 leudo,
1232 2592 1430 2646 predicto
1466 2591 1696 2639 vestiario,

136 2665 182 2705 et
202 2662 346 2705 facere
367 2664 617 2710 tenebatur,
645 2664 782 2705 salvis
806 2666 956 2705 tamen
980 2663 1177 2719 predicto
1193 2663 1421 2709 vestiario,
1443 2666 1488 2704 et
1505 2677 1530 2705 a
1552 2662 1696 2710 vobis,

134 2734 190 2776 ad
219 2747 333 2789 opus
360 2734 478 2789 ejus,
505 2734 758 2790 specialiter
785 2735 991 2782 retentis,
1019 2735 1107 2777 alio
1139 2735 1236 2790 jure
1263 2738 1307 2776 et
1333 2734 1549 2781 dominio,
1580 2734 1699 2788 quod

134 2804 196 2846 ibi
217 2805 353 2847 habet
371 2808 415 2847 et
434 2806 598 2847 habere
621 2806 769 2852 debet,
793 2808 836 2847 ct
857 2806 1093 2847 duodecim
1115 2806 1310 2848 denariis
1326 2804 1701 2859 melgoriensibus

135 2889 216 2932 pro
255 2876 440 2922 usatico,
478 2877 640 2918 dandis
674 2879 717 2918 et
745 2877 1000 2921 reddendis.
1039 2877 1081 2918 in
1130 2877 1240 2919 testo
1278 2877 1418 2918 sancti
1453 2875 1695 2922 Michaelis,

75 2998 82 3009 Ι
134 2960 161 2989 a
181 2946 298 2990 dicto
321 2947 484 2990 Poncio
502 2947 647 2990 eidem
674 2947 884 2989 vestim-10
907 2950 949 2989 et
972 2948 1065 2989 suis
1086 2948 1420 2989 suecessoribus
1442 2946 1693 2995 annuatim,
