2070 3486
32 2483 35 2487 -
19 2297 43 2466 ...qa-20..
35 2255 39 2260 .
32 2214 34 2217 -

21 2590 44 2670 lu...

16 2710 75 3486 Wffffffimf-mx

171 392 304 435 celmi
343 393 398 434 de
446 392 632 434 Lunello
650 427 659 441 ,
707 396 749 434 et
794 393 951 435 Petrus
973 395 1036 438 (l)
1081 394 1334 436 Gaucelmi.
1381 394 1587 450 jurannus
1624 394 1728 436 tibi.

169 463 385 519 magistro
399 463 571 505 Miloni.
591 463 762 504 domini
785 464 901 518 l’ape
924 465 1113 509 notario.
1137 465 1394 520 Apostolice
1418 466 1546 507 Sedis
1565 465 1727 519 legato.

166 547 316 578 coram
348 535 511 577 Sancta
546 535 839 582 Eucharistia.
872 538 914 576 et
947 536 1084 578 Cruce
1112 536 1361 581 Dominica.
1399 540 1440 578 et
1471 540 1729 579 sanctorum

166 605 395 661 reliquiis,
440 619 578 661 super
616 609 771 648 sancta
810 607 1043 661 evangelia
1086 607 1377 662 corporaliter
1418 621 1555 649 manu
1594 611 1726 650 tacta.

166 677 288 733 quod
311 677 535 719 stabimus
561 676 774 719 omnibus
805 677 1030 719 mandatis
1059 678 1265 720 Ecclesie.
1292 692 1371 720 seu
1399 679 1503 721 tuis.
1529 679 1599 721 vel
1621 679 1725 720 alte·

167 748 261 791 rius
285 747 454 796 nuncii,
486 761 566 790 seu
593 742 727 804 legati
755 748 927 790 domini
956 749 1091 804 Pape.
1126 763 1263 804 super
1285 750 1381 791 istis
1407 750 1615 805 capitulis
1642 763 1729 805 que

165 819 355 862 inferius
382 819 729 875 exprimuntur:

226 890 443 933 Videlicet
470 903 607 946 super
625 883 909 946 abjuratione
932 891 1242 933 maniadatum
1273 895 1488 947 perpetua
1509 908 1516 934 1

223 962 335 1005 Item
356 976 494 1018 super
512 962 684 1011 «Iudeis,
714 963 772 1005 ab
792 963 916 1004 omni
943 963 1334 1005 administratione
1358 963 1426 1005 vel
1452 963 1603 1005 officio
1631 977 1730 1018 per-

162 1036 301 1089 petuo
321 1034 605 1076 amovendis.
625 1036 684 1080 et,
712 1034 835 1076 nullo
854 1047 1056 1089 unquam
1080 1037 1298 1089 tempore.
1326 1035 1631 1077 restituendis.
1658 1034 1729 1076 vel

162 1104 264 1148 aliis
299 1104 454 1147 Judeis
493 1106 549 1147 ad
584 1105 784 1161 aliquam
827 1105 1270 1148 administrationem
1306 1106 1562 1148 nullatenus
1603 1120 1730 1148 assu-

165 1176 368 1223 mendis;

222 1248 334 1290 Item
362 1261 499 1303 super
525 1248 728 1304 pedagiis
756 1251 797 1290 et
829 1248 1053 1303 guidagiis
1087 1248 1390 1298 dimittendis.
1422 1252 1463 1290 et
1494 1249 1616 1291 nullo
1647 1263 1730 1290 un-

163 1332 302 1375 quam
329 1322 531 1375 tempore
556 1320 860 1362 resumendis:
918 1350 921 1352 -

173 1425 177 1429 .
221 1390 330 1432 Item
352 1403 490 1446 super
510 1404 618 1446 pace
641 1390 709 1432 vel
735 1394 889 1446 treuga
909 1391 1037 1446 juxta
1067 1392 1332 1433 mandatum
1356 1394 1500 1433 tuum.
1528 1391 1596 1433 vel
1618 1392 1727 1434 alte-

163 1460 256 1504 rius
296 1461 474 1509 nuncii,
521 1474 601 1504 seu
641 1461 776 1517 legati
803 1461 975 1504 domini
1008 1463 1150 1518 Pape,
1191 1463 1469 1505 instituenda
1491 1463 1658 1518 pariter
1684 1466 1726 1504 et

162 1534 413 1576 servanda:

220 1604 332 1647 Item
353 1602 490 1660 super
511 1605 644 1661 plena
665 1605 955 1647 ecclesiarum
979 1605 1184 1648 libertate
1208 1607 1456 1653 servandam

219 1675 335 1719 Item
367 1689 505 1732 super
537 1677 734 1718 ecclesiis
767 1677 1058 1719 incastellatis
1094 1678 1419 1720 demoliendis.
1464 1682 1506 1720 et
1546 1678 1726 1734 penitus

161 1747 459 1795 dimittendis,
484 1752 527 1791 et
554 1748 679 1790 nullo
706 1752 1139 1805 unquam-tempore
1166 1749 1530 1792 incastellandis:

220 1819 331 1862 Item
350 1833 488 1876 super
503 1820 715 1876 dampnis
732 1833 813 1875 per
831 1833 912 1862 nos
933 1820 1062 1863 dictis
1081 1821 1295 1869 ecclesiis,
1318 1824 1360 1863 et
1381 1821 1480 1863 aliis
1502 1822 1722 1877 personis,

159 1890 257 1934 sive
277 1890 417 1939 laicis,
448 1891 545 1934 sive
573 1891 779 1947 privatis,
807 1892 1115 1940 iesarvendis;

217 1962 331 2004 Item
353 1963 474 2018 quod
496 1963 552 2005 de
574 1962 706 2005 nobis
727 1963 1069 2019 querelantibus
1088 1964 1316 2020 justiciam
1339 1964 1652 2007 exibebimus:

216 2033 307 2076 Hec
332 2034 501 2081 omnia,
533 2035 646 2076 sicut
674 2048 812 2090 supra
839 2035 1004 2091 scripta
1032 2039 1159 2081 sunt,
1191 2039 1234 2078 et
1256 2036 1301 2078 in
1328 2037 1541 2079 omnibus
1567 2050 1725 2092 supra-

158 2105 336 2162 scriptis
361 2106 583 2149 articulis.
621 2109 663 2148 et
700 2106 821 2150 aliis.
860 2107 896 2148 si
931 2108 1008 2163 qui
1044 2107 1235 2150 forsitan
1268 2112 1565 2151 emercerent.
1608 2111 1650 2150 et
1679 2108 1723 2149 iu

157 2177 444 2220 cautionibus
471 2177 552 2220 tibi
582 2179 765 2223 dandis.
795 2192 875 2234 pro
907 2192 1040 2235 posse
1074 2183 1244 2229 nostro,
1277 2179 1471 2222 fideliter
1506 2180 1726 2235 adimple-

158 2248 324 2291 bimus.
355 2248 428 2291 Sic
455 2249 573 2291 Deus
602 2263 683 2292 nos
710 2249 895 2305 adjuvet
922 2254 965 2293 et
993 2251 1074 2293 hec
1098 2254 1252 2294 sancta
1273 2251 1441 2293 omnia.

216 2318 456 2368 Similiter,
490 2320 576 2362 sub
604 2321 764 2363 eodem
790 2321 1073 2376 juramento.
1105 2325 1269 2364 stratas
1306 2322 1511 2378 publicas
1544 2335 1724 2364 securas

156 2390 465 2438 servabimus:
500 2391 642 2434 eciam
676 2405 753 2434 eos
784 2406 899 2448 quos
930 2393 1129 2449 episcopi
1165 2393 1306 2436 nostri
1335 2393 1554 2436 hereticos
1582 2393 1726 2435 nomi-

154 2461 346 2510 nabunt,
385 2464 429 2504 et
470 2465 790 2518 receptatores.
815 2466 858 2506 et
882 2463 1079 2507 fautores
1107 2478 1289 2508 eorum.
1328 2464 1724 2507 ammadversione

155 2532 325 2582 debita,
349 2533 608 2589 puniemus.
1339 2537 1342 2540 ’

1144 2596 1243 2635 (Reg.
1265 2597 1304 2631 A,
1326 2595 1385 2626 fol.
1411 2593 1472 2625 230
1492 2601 1555 2624 w».

824 2628 842 2644 l

203 2711 253 2759 (1)
278 2713 336 2749 La
349 2711 467 2758 lecon
485 2712 539 2749 du
558 2713 790 2750 Cartalaire
808 2718 872 2749 est
895 2714 1075 2751 tantive:
1096 2713 1124 2750 il
1141 2714 1233 2751 saut
1249 2713 1323 2750 lire
1341 2715 1526 2753 Pontius;
1548 2713 1575 2749 il
1597 2713 1720 2760 s'agit

125 2765 154 2786 ‘
156 2769 206 2807 de
224 2771 337 2807 Pons
358 2771 572 2811 Gaucelm,
594 2772 661 2808 fils
681 2772 735 2809 du
757 2773 998 2820 precedent,
1021 2777 1060 2810 et
1083 2773 1282 2820 seigneur
1302 2773 1351 2810 de
1371 2773 1498 2809 Lunel
1516 2772 1565 2809 de
1587 2772 1677 2808 1215.
1698 2774 1720 2808 a

160 2829 264 2866 1262.
1156 2826 1169 2843 ‘
