2070 3486
998 294 1050 298 —
1085 266 1170 309 334
1207 292 1256 298 —

345 367 436 407 Non
478 368 625 406 lanu-n
680 365 860 418 propter
912 363 992 403 hor
1033 363 1283 404 retardetur
1315 375 1339 403 a
1378 361 1726 416 perigrinatisme
1767 365 1909 404 trans—

345 437 545 477 marina.
578 437 630 476 ‹lr
671 448 759 488 qua
805 433 1012 488 suprrius
1048 436 1115 475 ost
1153 433 1443 478 ordinatum:
1483 432 1556 490 [et]
1598 433 1634 474 si
1670 446 1813 487 usque
1849 434 1905 474 ad

341 521 509 548 annum
541 509 640 560 post
675 505 794 560 ipsas
824 504 1038 546 kalendas
1065 504 1244 556 augusti
1276 503 1508 545 tradiderit
1535 503 1625 557 regi
1657 503 1903 558 predictam

346 580 539 619 l‘vnnam
570 579 623 618 (le
662 575 903 629 Albigesio,
941 575 1024 617 erit
1056 575 1097 616 in
1132 575 1387 617 conditione
1408 574 1710 629 predictorum
1739 577 1905 616 castro-

346 663 467 695 rum,
504 648 670 689 seilirrt
711 648 828 702 quod
865 648 1019 688 reddet
1054 660 1129 687 rex
1159 646 1198 687 oi
1226 647 1407 701 quando
1436 646 1592 687 reddet
1621 645 1707 687 alia
1740 648 1900 687 (eastra.

344 721 386 760 si
436 734 539 761 vero
583 722 683 773 post
723 732 890 759 annum
934 718 1182 772 predictum
1225 701 1368 772 insaln
1410 717 1903 771 PennamAlbigensem

343 805 429 832 non
468 790 631 845 poterit
672 789 919 843 assignare,
957 802 1014 830 ex
1050 791 1152 829 tunc
1195 789 1336 830 tradet
1373 801 1472 830 eam
1512 788 1553 828 in
1583 787 1904 830 eleemosinam

345 864 560 916 perpetuo
594 860 888 914 'l‘emplariis.
932 858 1002 900 vel
1044 859 1382 914 Hospilalariis,
1425 859 1493 900 vel
1529 858 1627 900 aliis
1669 857 1902 913 religiosis,

343 932 479 973 salvis
507 931 834 973 hri-‹⁷¹ditatibus
863 931 924 981 (1)
962 944 1118 972 eorum
1148 930 1225 985 qui
1256 944 1302 971 se
1339 933 1491 972 tenent
1522 944 1579 971 ex
1615 932 1739 984 parte
1771 929 1902 985 regis,

343 1003 661 1058 possidendam
691 1003 744 1043 ad
773 1002 1051 1043 voluntatem
1079 1004 1277 1043 nostram
1302 1001 1370 1042 vel
1392 1001 1583 1042 Ecclesie
1609 1001 1807 1042 Romane
1823 1001 1902 1055 (2);

345 1074 416 1115 tali
447 1073 708 1115 romlirione
742 1074 860 1128 quod
901 1073 984 1128 ipsi
1020 1087 1106 1114 non
1135 1073 1333 1114 alienent
1368 1072 1512 1127 ipsam
1543 1073 1597 1112 (le
1635 1085 1770 1113 manu
1805 1084 1902 1119 sua,

344 1159 423 1186 nro
456 1146 509 1186 (le
546 1145 642 1199 ipsa
674 1158 883 1199 guerram
915 1144 1079 1186 faciant
1114 1144 1232 1186 dieto
1257 1142 1557 1201 RlaimundoL
1590 1143 1674 1185 nisi
1703 1144 1758 1185 de
1780 1156 1907 1185 man-

343 1218 447 1257 dato
478 1216 686 1257 Ere-lesie.
721 1216 772 1257 Et
806 1216 839 1257 si
875 1229 961 1257 non
991 1218 1203 1270 poterunt
1223 1215 1361 1270 aliqui
1392 1215 1587 1269 religiosi
1611 1214 1693 1256 viri
1715 1213 1906 1256 inveniri

343 1287 418 1342 qui
447 1287 587 1328 velint
618 1300 717 1329 eam
748 1287 934 1332 habere,
966 1287 1170 1328 diruatur
1197 1287 1399 1333 omnino,
1427 1299 1507 1328 nee
1531 1285 1672 1341 possit
1699 1283 1907 1342 [rr]hedi-

344 1358 465 1400 ficari
489 1358 584 1400 sine
616 1358 848 1400 voluntate
877 1359 1076 1400 Romane
1097 1357 1159 1413 (3)
1189 1358 1397 1405 Ecclesie,
1429 1361 1470 1398 oi
1500 1357 1632 1412 regis.
1660 1355 1734 1414 [et]
1765 1356 1908 1411 ipsius

344 1428 637 1485 R[aimundil.

405 1501 513 1541 ltem
544 1501 686 1541 donec
720 1500 884 1542 dietam
926 1501 1122 1542 l’ennam
1159 1501 1213 1541 de
1250 1499 1478 1554 Albigesio
1515 1500 1664 1541 tradat
1697 1498 1801 1553 regi,
1836 1498 1908 1540 vel

344 1571 625 1625 Templariis,
661 1571 729 1613 vel
759 1571 1087 1626 Hospitalariis,
1114 1571 1185 1613 vel
1206 1571 1305 1612 aliis
1334 1570 1568 1626 religiosis,
1601 1570 1715 1612 sieut
1736 1570 1905 1612 (lictum

343 1645 426 1689 est,
461 1643 630 1684 tenebit
662 1656 742 1684 rex
776 1646 960 1698 propter
985 1643 1069 1684 hoe
1097 1642 1342 1697 obligatam
1372 1643 1571 1683 Pennam
1603 1642 1658 1684 de
1685 1640 1908 1695 Agenesio

346 1712 418 1769 [etl
441 1716 638 1754 castrum
662 1714 978 1761 Narbonense,
1014 1713 1047 1755 si
1083 1713 1200 1755 iufra
1226 1713 1494 1755 decennium
1523 1713 1598 1754 det
1625 1714 1825 1754 Pennam
1853 1713 1908 1754 de

346 1784 573 1838 Albigesio
596 1785 876 1839 Templariis,
908 1785 980 1827 vel
1009 1784 1336 1840 Hospitalariis‚
1368 1785 1439 1826 vel
1474 1783 1573 1825 aliis
1602 1783 1836 1839 religiosis,
1862 1786 1910 1825 ut

345 1855 513 1896 dietum
546 1858 627 1903 est,
668 1858 791 1897 tanto
823 1858 1025 1910 tempore
1065 1858 1168 1911 post
1203 1855 1471 1897 decennium
1501 1854 1759 1910 sumptibus
1792 1853 1910 1909 regis

346 1926 541 1974 tenebit,
582 1927 615 1968 si
657 1927 850 1969 voluerit
888 1927 1099 1969 dominus
1133 1941 1228 1975 rex,
1259 1926 1335 1968 illa
1369 1928 1458 1968 duo
1485 1929 1631 1968 eastra
1657 1925 1905 1973 nominata,

346 2000 514 2052 quanto
554 2001 754 2052 tempore
789 1998 1013 2040 distulerit
1045 1999 1221 2040 tradere
1259 1999 1458 2039 Pennam
1488 1999 1543 2039 de
1576 1996 1820 2052 Albigesio.
1858 1996 1911 2037 Et

347 2069 381 2109 si
410 2073 513 2124 post
533 2069 801 2111 decennium
837 2069 973 2111 etiam
1002 2071 1155 2111 Penna
1182 2071 1236 2111 de
1259 2069 1485 2129 Albigesio
1509 2082 1597 2110 non
1620 2070 1740 2110 esset
1759 2067 1910 2123 aequi-

348 2140 446 2188 sita,
481 2141 652 2183 tamdiu
680 2144 783 2196 post
804 2144 984 2196 tempus
1012 2144 1315 2183 memoratum
1343 2140 1514 2182 tenebit
1540 2140 1614 2182 illa
1647 2141 1737 2182 duo
1764 2142 1910 2181 eastra

347 2225 441 2259 rex,
474 2226 710 2267 quousque
741 2212 836 2267 ipsa
871 2214 1019 2254 Penna
1050 2215 1169 2255 esset
1204 2212 1410 2254 restituta
1447 2215 1491 2254 et
1516 2211 1758 2266 assignata,
1797 2210 1912 2252 sicut

349 2283 556 2337 superius
578 2286 645 2325 est
664 2297 949 2339 expressum.

406 2354 458 2395 Et
486 2369 562 2395 rex
586 2355 806 2402 absolvet,
837 2358 1058 2410 quantum
1080 2356 1134 2397 ad
1170 2368 1274 2396 eum
1303 2354 1518 2410 pertinet,
1549 2353 1671 2396 cives
1698 2353 1912 2394 Tholosa-

348 2439 428 2467 nos
457 2429 501 2467 et
521 2426 633 2467 alios
656 2427 863 2467 homines
889 2429 1016 2468 terre.
1049 2440 1136 2481 que
1160 2426 1240 2481 ipsi
1265 2426 1521 2474 dimittitur,
1547 2440 1573 2466 a
1591 2425 1846 2480 juramento
1868 2426 1912 2466 et

347 2497 444 2538 aliis
467 2497 818 2551 obligationibus
842 2497 968 2539 factis
990 2498 1106 2553 patri
1127 2511 1224 2546 suo,
1257 2499 1301 2538 et
1327 2497 1567 2539 comitibus
1597 2495 1905 2541 Montisfortis,

352 2568 416 2609 vel
440 2568 538 2609 aliis
560 2582 640 2623 pro
662 2569 741 2615 eis,
769 2568 841 2626 [et]
872 2582 898 2610 a
921 2582 1036 2624 pena
1058 2572 1101 2610 et
1123 2568 1375 2610 incursibus
1400 2568 1565 2623 quibus
1592 2566 1677 2622 ipsi
1707 2566 1812 2622 regi,
1839 2566 1909 2608 vel

349 2640 461 2694 patri
492 2653 588 2686 suo,
619 2640 687 2681 vel
716 2640 926 2695 episeopo
945 2642 976 2681 T
982 2641 1214 2688 holosano,
1242 2641 1309 2682 vel
1331 2640 1430 2681 aliis
1451 2639 1649 2694 prelatis,
1677 2638 1743 2680 vel
1773 2637 1910 2680 comi·
1971 2641 1974 2644 ’

399 2818 447 2863 (1)
478 2819 602 2854 Cart:
628 2818 893 2854 hereditariis.

398 2876 448 2921 (2)
478 2878 602 2913 Cart:
630 2878 799 2913 rarione.

396 2936 446 2983 (3)
477 2939 601 2973 Ca1·t.:
630 2937 798 2972 variisne.
