2070 3486
1054 337 1104 341 -
1141 310 1226 351 ‘os
1261 336 1313 341 -

399 405 596 454 Fraude,
628 406 746 460 quod
770 405 909 446 boves
937 408 980 447 et
1007 405 1235 454 animalia,
1271 418 1358 460 quc
1393 405 1538 448 dictus
1569 405 1766 448 Thomas
1793 406 1964 462 accepit

398 477 639 520 violenter.
673 479 801 518 erant
833 478 886 518 de
916 477 1193 520 hominibus.
1229 480 1484 518 tenemento
1513 479 1557 518 ot
1581 477 1783 519 districtu
1807 491 1964 533 supra-

398 549 501 590 dicti
530 548 702 608 domini
724 547 1058 603 Magaloncnsis
1080 548 1294 603 episcopi.

454 619 554 661 Fuit
597 619 736 660 eciam
784 622 1059 674 protestatus
1101 619 1220 661 idem
1272 619 1542 661 castellanus
1594 633 1743 661 coram
1790 620 1961 663 eisdem

395 691 567 732 Tlioma
587 693 630 732 ct
647 689 878 737 Michaclc,
905 691 1025 745 quod
1047 690 1192 732 dictus
1213 691 1410 732 Thomas
1432 689 1656 745 predictas
1679 690 1960 734 invasionem
1987 729 1990 732 .

395 764 438 803 ct
465 760 732 803 violenciam
761 761 983 803 dictorum
1013 762 1149 803 boum
1177 764 1221 804 et
1246 761 1511 804 animalium
1535 760 1654 809 fecit,
1678 764 1832 804 contra
1849 762 1960 818 juris

393 832 595 874 ordinem
626 835 670 875 et
696 846 779 874 sua
799 832 982 888 propria
1004 833 1244 875 temeraria
1265 833 1511 875 voluntate.

451 904 566 946 Fuit.
594 903 795 959 inquam,
821 906 1098 959 protestatus
1122 904 1241 947 idem
1262 904 1534 947 castellanus
1555 918 1705 947 coram
1728 905 1954 960 predictis,

390 977 510 1030 quod
533 975 782 1030 inquisirio,
803 989 939 1031 quam
958 975 1101 1018 lacere
1120 975 1418 1018 intendebant
1438 976 1543 1018 dicti
1565 977 1761 1018 Thomas
1779 976 1958 1032 bajulus

388 1050 431 1089 et
452 1047 658 1099 Michacl,
689 1049 739 1088 ut
761 1046 856 1102 ipse
878 1048 1112 1089 asserebat
1130 1047 1285 1103 judex,
1320 1047 1545 1090 faciebant
1571 1051 1615 1090 et
1641 1047 1787 1090 lacere
1814 1047 1959 1090 inten-

388 1119 556 1160 debant
575 1120 729 1160 contra
749 1118 861 1174 juris
884 1118 1110 1160 racionem
1133 1121 1176 1161 et
1197 1121 1354 1161 contra
1375 1132 1548 1161 morem
1571 1118 1769 1167 solitum,
1795 1118 1839 1161 in
1858 1133 1958 1175 pre-

385 1189 603 1244 judicium
633 1192 676 1230 et
702 1203 948 1243 gravamen
977 1190 1151 1232 domini
1177 1189 1378 1245 episcopi
1405 1190 1666 1245 supradicti.

448 1261 557 1302 ltem
603 1260 687 1302 init
733 1264 1007 1315 protestatus
1052 1261 1173 1303 idem
1212 1261 1501 1311 castellanus,
1545 1262 1682 1317 quod,
1733 1261 1769 1303 si
1816 1261 1957 1317 aliqui

387 1332 595 1373 homines
631 1333 685 1373 de
717 1332 835 1373 divio
873 1335 1019 1375 castro
1048 1326 1102 1373 dc}
1130 1331 1174 1374 la
1205 1332 1408 1389 Roquela
1438 1333 1607 1375 hahent
1641 1332 1818 1388 aliquas
1846 1329 1971 1388 peli-'

383 1404 534 1445 ciones
557 1418 635 1445 seu
658 1404 863 1445 acciones
881 1406 1033 1446 contra
1049 1404 1258 1446 homines
1276 1404 1410 1446 castri
1433 1404 1813 1453 Montisl‘errandi,
1833 1405 1956 1460 quod

383 1475 478 1529 ipse
516 1475 788 1517 castellanus
826 1478 893 1517 est
938 1478 982 1517 et
1027 1475 1109 1518 fuit
1154 1488 1333 1531 semper
1374 1478 1560 1530 paratus
1599 1475 1740 1518 lacere
1777 1475 1954 1532 justicie

387 1546 794 1601 complementum.

445 1619 555 1660 Arta
600 1622 705 1660 sunt
755 1619 836 1660 hcc
881 1632 1000 1661 anno
1052 1619 1283 1661 Dominice
1335 1618 1666 1661 Incarnacionis
1712 1618 1954 1661 millesimo

382 1690 694 1732 ducentesimo
746 1690 1125 1746 quinquagesimo
1173 1691 1397 1747 septimo,
1453 1690 1662 1733 videlicet
1713 1690 1953 1733 undecimo

382 1760 599 1803 kalendas
642 1762 931 1811 novembris,
978 1762 1025 1803 in
1069 1762 1303 1818 presencia
1341 1765 1386 1805 et
1432 1761 1691 1805 testimonio
1730 1762 1951 1804 dictorum

381 1831 551 1874 Thome
574 1835 617 1874 el:
637 1832 883 1882 Michaelis,
922 1835 968 1875 P.
1007 1834 1061 1876 (le
1095 1834 1259 1876 Sancto
1286 1833 1487 1876 Marciali
1513 1833 1684 1882 militis,
1715 1833 1871 1876 Poncii
1896 1835 1952 1876 do

380 1902 594 1951 Triatore‚
638 1904 689 1946 G.
733 1906 788 1946 de
830 1904 1046 1953 Triatore‚
1085 1905 1158 1946 Gr.
1204 1906 1259 1947 de
1297 1905 1445 1953 Costa,
1480 1906 1530 1947 R.
1557 1906 1613 1947 de
1641 1904 1874 1960 Figareda,
1901 1904 1948 1947 S.

377 1974 572 2024 Martini,
606 1975 756 2018 Poncii
784 1977 930 2026 Loho,
971 1979 1014 2020 et
1042 1977 1131 2019 mei
1159 1976 1277 2019 Petri
1315 1978 1370 2020 de
1413 1976 1739 2026 Montanihola,
1782 1975 1952 2032 publici

377 2046 777 2102 Montispessulani
821 2048 1011 2098 notarii,
1061 2049 1169 2105 qui,
1225 2050 1441 2092 mandato
1493 2051 1537 2091 ct
1582 2048 1792 2104 precibus
1845 2047 1950 2091 dicti

378 2118 610 2161 castellani
637 2119 719 2162 hec
748 2120 921 2176 scripsi.

1382 2180 1479 2220 (Reg.
1504 2179 1540 2216 E,
1564 2179 1621 2210 fol.
1645 2177 1706 2210 263
1723 2179 1781 2218 ΙΨ).

767 2405 1024 2442 DCXXXIII.
1055 2427 1096 2432 ——
1125 2407 1165 2443 11
1195 2406 1426 2444 novembre
1455 2406 1546 2443 1257

378 2529 635 2576 Quittanee
653 2530 798 2567 finale
816 2532 903 2568 des
927 2531 1031 2568 600
1053 2533 1204 2569 livres
1228 2532 1543 2579 empruntees
1571 2542 1663 2578 par
1694 2532 1872 2568 Pierre
1890 2530 1947 2568 de

641 2590 870 2637 Conques
895 2593 924 2627 ὲ.
950 2593 1037 2628 des
1064 2593 1362 2629 mat-ahands
1393 2593 1452 2629 de
1485 2593 1684 2629 Sienne.

431 2692 562 2733 Anno
596 2693 826 2735 Dominicc
855 2694 1179 2737 Iucarnationis
1210 2695 1449 2738 millesimo
1477 2694 1788 2737 ducentesimo
1817 2693 1947 2749 quiu—

375 2763 640 2817 quagesimo
681 2765 900 2820 septimo,
945 2767 1080 2809 tercio
1117 2766 1218 2809 idus
1258 2766 1548 2816 novembris,
1598 2780 1708 2821 ego,
1751 2765 1944 2808 Jacobus

377 2823 594 2889 Gregorii,
625 2839 668 2877 et
701 2849 807 2890 egO,
844 2837 1046 2880 Ventura
1073 2838 1269 2887 Cambii,
1310 2852 1393 2881 nos
1435 2839 1571 2881 ambo
1603 2838 1724 2880 cives
1758 2839 1802 2879 et
1829 2849 1946 2878 mer-

374 2910 546 2947 catores
581 2908 819 2957 Scncnses‚
865 2903 982 2951 socii'
1008 2910 1219 2952 [totlandi
1263 2910 1596 2958 Bonsenhoris,
1640 2908 1945 2951 Bertholomei

369 2976 518 3025 Guidi,
538 2978 853 3021 Bonaventure
871 2980 1151 3029 Bernardini‚
1173 2984 1216 3023 et
1234 2982 1538 3037 quorumdam
1553 2980 1746 3023 aliorum
1773 2979 1943 3022 civium

2063 1175 2070 1498 ...Qss-.„-2—
2069 1158 2070 1161 „
2066 1132 2070 1143 -
2067 1100 2070 1115 -
