2070 3486
1013 256 1271 298 -644—

361 354 508 395 onmia
540 352 815 407 supradivia.
848 351 972 392 salvo
1001 354 1045 392 01
1082 354 1256 393 16161110
1303 351 1386 393 51111
1418 352 1603 394 domino
1631 352 1843 408 episcopo
1878 356 1923 396 et

361 424 695 466 surressorilnis
723 423 838 465 suis.
874 436 955 463 suo
992 423 1193 464 dominio
1234 423 1487 478 principali,
1513 427 1564 465 ⁴ct
1588 424 1917 479 jurisdiccione,

360 510 410 537 ac
437 510 569 536 censu
608 494 806 539 annuali,
844 494 1010 535 scilicet
1055 497 1234 535 6611111111
1271 493 1426 536 solidis
1464 495 1838 549 melgoriensibus
1879 499 1924 539 et

359 567 536 608 duobus
567 565 727 606 modiis
759 564 967 606 frumenti
993 579 1000 612 ;
1040 564 1102 606 ita
1131 568 1306 609 tamen.
1339 566 1475 620 quod,
1508 566 1594 608 hiis
1621 580 1709 607 non
1738 567 1921 609 obstan-

358 638 493 686 tibus,
519 637 731 679 dominus
757 637 899 677 abbas
920 636 1192 677 Francorum
1217 636 1410 678 Vallium
1438 639 1482 679 et
1503 650 1784 680 successores
1803 637 1922 693 ejus-

356 710 474 756 dem,
507 710 561 750 (16
592 707 954 762 possessionibus
985 707 1260 753 monasterii,
1293 721 1405 762 quas
1429 708 1597 750 liabent
1626 707 1694 750 vel
1724 708 1922 751 habeant

357 780 400 821 in
429 779 535 821 locis
563 778 846 833 supradictis.
882 778 1072 833 possint,
1107 792 1187 833 pro
1216 778 1447 820 voluntate
1477 792 1573 826 sua,
1605 780 1711 821 dare
1738 779 1795 821 ad
1822 792 1921 822 aca-

356 851 515 906 pitum,
542 850 609 891 vel
627 849 962 904 emphiteosim,
979 863 1056 891 seu
1074 863 1276 891 censum.
1296 849 1659 904 quibuscumque
1676 850 1915 898 voluerint,

356 922 472 964 dicto
506 921 689 962 domino
724 920 935 975 episcopo
966 920 1032 961 vel
1073 920 1258 967 comite,
1295 921 1363 962 vel
1393 920 1534 977 ipsius
1566 921 1916 969 successoribus,

356 1008 432 1035 seu
471 992 630 1047 bajulis
671 993 933 1033 eorumdem
970 991 1153 1033 minime
1187 991 1434 1046 requisitis,
1471 995 1541 1039 et,
1578 994 1667 1033 tam
1707 993 1762 1034 de
1789 992 1919 1034 novis

353 1063 539 1119 acapilis
579 1077 715 1118 quam
759 1065 813 1105 do
854 1063 1097 1106 veteribus.
1148 1063 1364 1105 laudimia
1402 1063 1599 1118 recipere
1645 1065 1690 1105 et
1732 1063 1914 1111 habere,

354 1136 479 1177 salvo
510 1148 688 1190 semper
712 1135 829 1176 dicto
861 1134 1045 1175 (101111110
1068 1134 1280 1189 episcopo
1305 1137 1349 1176 et
1369 1134 1536 1182 comiti,
1558 1137 1604 1176 et
1630 1134 1724 1177 suis
1745 1148 1920 1177 succes-

354 1207 543 1255 soribus,
572 1206 772 1247 dominio
794 1205 1042 1261 principali.

414 1279 496 1319 Pro
520 1279 637 1319 bono
657 1291 763 1318 vero
787 1277 924 1332 pacis,
952 1279 996 1318 et
1023 1279 1072 1318 ut
1100 1277 1312 1318 dominus
1341 1277 1581 1332 opiscopus
1613 1279 1657 1319 et
1682 1290 1849 1325 comes,
1875 1279 1919 1319 et

353 1363 633 1391 successoros
667 1348 810 1403 ipsius
845 1348 934 1390 51111
975 1347 1314 1389 favorabiliores
1343 1348 1618 1390 monasterio
1641 1348 1913 1403 supradicto,

354 1420 564 1462 volumus
594 1422 638 1461 ct
666 1421 962 1467 mandamus,
995 1420 1115 1474 quod
1147 1419 1293 1460 dictus
1320 1419 1533 1461 dominus
1565 1420 1729 1468 abbas,
1760 1433 1841 1475 pro
1869 1433 1917 1462 se

352 1495 395 1534 01
422 1506 503 1533 suo
532 1491 821 1538 monasterio,
854 1491 1143 1533 medietatem
1175 1491 1380 1532 omnium
1408 1491 1796 1544 molendinorum,
1828 1504 1916 1546 que

350 1577 468 1605 nunc
490 1564 625 1605 habet
653 1563 821 1605 dictum
851 1562 1191 1609 monasterium,
1229 1562 1299 1604 vel
1332 1561 1558 1604 edificabit
1589 1562 1632 1603 in
1662 1564 1911 1617 posterum,

352 1635 420 1677 vel
450 1649 505 1677 ex
541 1634 808 1681 donacione,
844 1634 1011 1688 legato,
1045 1633 1313 1688 empcione‚·
1342 1634 1413 1676 vel
1447 1647 1630 1689 quoquo
1668 1634 1803 1675 modo
1844 1646 1917 1675 ac-

349 1706 509 1761 quiret,
541 1707 678 1748 donet
719 1705 836 1747 dicto
877 1704 1061 1747 domiuo
1095 1704 1307 1759 episcopo
1336 1707 1379 1746 61
1406 1704 1573 1752 comiti,
1617 1707 1662 1747 et
1688 1718 1916 1747 successo-

349 1778 473 1819 ribus
495 1778 603 1825 51115,
636 1780 679 1819 61
706 1777 801 1819 vice
829 1790 975 1824 versa,
1013 1776 1158 1818 dictus
1190 1775 1402 1817 dominus
1430 1776 1670 1831 episcopus
1692 1778 1736 1818 et
1762 1789 1914 1818 comes

348 1851 485 1891 donet
514 1846 631 1891 dicto
666 1847 834 1896 abbati,
870 1861 954 1903 pro
985 1861 1031 1889 sc
1063 1850 1109 1889 et
1140 1847 1414 1889 monasterio
1444 1861 1525 1889 suo
1548 1847 1796 1903 recipienti,
1822 1860 1915 1889 me-
1970 1861 1974 1864 ’

348 1921 559 1963 dietatem
602 1919 847 1962 molendini
882 1920 1002 1974 quod
1042 1919 1179 1960 habet
1205 1919 1249 1960 in
1291 1919 1512 1960 territorio
1552 1918 1825 1974 supradicto,
1871 1921 1916 1961 et

347 1992 549 2033 omnium
581 1990 942 2033 molendinorum
977 2003 1064 2045 que
1094 1990 1295 2045 acquiret
1324 1990 1368 2031 111
1401 1992 1648 2045 posterum,
1682 1989 1812 2032 titulo
1841 1989 1914 2031 vel

348 2077 483 2105 causa
515 2074 814 2118 qua’cunquffl
852 2064 896 2104 et
931 2062 1014 2103 hoc
1045 2061 1236 2103 dicimus
1283 2062 1338 2102 de
1374 2060 1586 2102 omnibus
1620 2059 1907 2108 molendinis,

347 2148 433 2190 quc
462 2137 651 2189 utraque
673 2147 778 2189 pars
799 2133 937 2175 habet
976 2132 1047 2174 vel
1076 2132 1288 2174 habitura
1310 2135 1391 2179 est,
1424 2132 1495 2175 vel
1523 2131 1911 2187 qualitercumque

347 2208 589 2253 construet,
617 2205 687 2247 vel
722 2204 943 2260 acquiret,
970 2204 1065 2246 sive
1092 2203 1319 2246 molitoria
1343 2203 1438 2245 sive
1466 2202 1694 2258 paratoria
1729 2202 1908 2251 fuerint,

346 2290 373 2319 a
391 2276 511 2319 fonte
540 2276 639 2319 Lesi
660 2289 803 2331 usque
825 2277 881 2317 ad
911 2275 1048 2317 finem
1083 2274 1317 2330 parrochie
1353 2274 1502 2316 Sancti
1531 2273 1836 2316 Bartholomei
1857 2274 1912 2315 de

346 2348 652 2389 Albalhanicis
670 2348 715 2388 in
738 2347 904 2402 ripcria
934 2346 1048 2388 Lesi.

408 2419 625 2460 Volumus
650 2422 814 2465 tamen,
835 2417 1106 2473 precipimus
1128 2419 1171 2458 61
1190 2416 1448 2466 statuimus,
1474 2417 1610 2472 quod,
1636 2416 1671 2457 si
1694 2415 1911 2459 alterutra

346 2503 449 2545 pars
479 2490 521 2531 in
546 2492 774 2545 posterum
803 2489 920 2530 infra
948 2488 1165 2530 terminos
1192 2488 1474 2542 supradictos
1502 2487 1815 2529 molendinum
1842 2486 1911 2529 vel

346 2561 607 2603 molendina
628 2562 681 2603 de
706 2575 822 2602 novo
844 2560 1109 2615 acquireret.
1135 2573 1240 2615 pars
1262 2559 1404 2601 altera
1424 2559 1469 2600 in
1492 2558 1711 2600 fructibus
1733 2571 1912 2600 eorum—

345 2634 448 2675 dem
478 2632 610 2674 nichil
644 2632 886 2687 percipiat,
925 2633 1068 2673 donec
1099 2630 1242 2686 parti,
1281 2644 1368 2686 (1116
1402 2631 1457 2672 (16
1484 2643 1604 2672 novo
1632 2629 1907 2685 acquisierit,

345 2704 634 2746 medietatem
673 2703 881 2745 refundat
923 2701 1082 2757 precii,
1133 2701 1169 2743 si
1206 2704 1360 2757 empta
1398 2700 1587 2753 fuerint,
1632 2700 1702 2742 vel
1742 2699 1910 2742 valoris

344 2788 516 2827 eorum,
549 2774 583 2816 si
606 2788 662 2815 ex
684 2774 772 2815 alia
793 2787 926 2815 causa
950 2772 1117 2814 fuerint
1136 2772 1372 2827 acquisita.

402 2846 445 2887 si
469 2859 576 2887 vero
600 2858 702 2901 pars
726 2845 941 2886 alterutra
969 2843 1087 2885 infra
1115 2843 1339 2899 predictos
1362 2843 1578 2884 terminos
1602 2854 1771 2884 novum
1804 2854 1908 2884 con-

342 2921 513 2960 struere
553 2917 890 2968 molendinum,
928 2915 997 2956 vel
1047 2917 1174 2956 vetus
1219 2913 1477 2957 reedificare
1524 2913 1738 2963 voluerit,
1787 2913 1907 2970 parti
