2070 3486
989 217 1248 260 —854—

336 318 517 359 nomine
561 319 742 357 vocatur
777 317 831 357 de
871 314 914 355 la
946 314 1080 362 lxm-a,
1118 318 1162 356 et
1188 315 1244 356 ab
1274 314 1347 355 illo
1376 309 1536 369 portali
1565 326 1709 368 usque
1735 314 1791 355 ad
1819 314 1895 354 do-

338 402 459 429 mnm
505 387 650 428 l‘oncii
695 385 868 431 li’ede'cr,
900 400 986 440 qne
1029 386 1259 440 qnondam
1296 385 1378 426 luit
1414 383 1619 425 Durancii
1649 383 1746 425 tl'cn
1778 383 1898 424 Doas

343 460 493 514 lissam·
536 462 573 499 et
615 457 895 499 munit-hines
931 460 975 498 et
1013 456 1269 502 fortalicias.v
1302 469 1388 511 qne
1416 455 1462 496 in
1491 455 1608 496 dicto
1637 468 1766 497 muro
1795 457 1901 496 sunt

338 532 606 571 consti-nete.
633 532 671 569 et
698 528 975 583 inposterum
1001 530 1334 574 construentur,
1366 526 1528 568 scilicet
1567 540 1592 567 a
1628 527 1764 567 domo
1797 525 1901 568 dicti

343 601 454 643 l'etri
479 599 683 643 Guirardi
716 613 857 654 nsque
891 600 945 640 ad
978 599 1164 640 donmm
1194 598 1297 640 dicti
1329 598 1478 639 l'oncii
1505 597 1692 645 Rodien
1721 599 1766 639 et
1785 597 1904 639 dicta

339 674 427 713 dno
452 671 637 727 poi-talia
662 674 705 713 et
725 671 874 713 claves
896 684 1068 715 eornm,
1094 683 1195 711 cuin
1223 669 1367 711 lorciis
1396 672 1436 710 et
1461 668 1795 710 municionibus
1815 681 1903 723 que

342 744 398 784 ini
429 746 529 784 snnt
555 746 593 784 et
626 742 667 783 in
695 742 893 783 l'utnrmn
917 745 1062 788 erunt,
1095 741 1218 782 sicnd
1248 741 1404 782 oculus
1430 741 1484 782 ad
1514 740 1695 782 oculum
1717 740 1903 781 demon-

340 814 600 856 stravimus.
626 816 665 855 et
690 826 972 855 successores
996 812 1133 854 nostri
1156 813 1533 854 demonstrabunt
1553 824 1655 853 cum
1675 810 1903 866 continget

341 885 695 940 recognicimiem
727 884 820 926 fieri
849 885 906 925 al.)
934 884 1121 926 eisdem.

399 958 508 998 ltem
531 956 698 998 scimus
715 958 758 997 et
775 955 1137 1009 recognoscimus
1151 956 1270 1010 qnod
1288 969 1369 996 nos
1386 957 1430 996 et
1445 968 1725 997 successores
1742 953 1898 1001 nostri,

342 1043 420 1083 pro
450 1028 648 1083 predicto
692 1027 825 1069 tendo
866 1030 909 1068 et.
937 1027 981 1068 in
1009 1027 1188 1082 signum
1218 1025 1412 1081 perse-cte
1446 1025 1793 1080 recognicionis‚
1829 1027 1905 1068 de-

342 1102 502 1142 bemus
537 1102 580 1141 et
617 1102 823 1141 tenemur
859 1098 1004 1143 vobis,
1036 1097 1220 1140 domino
1260 1097 1464 1141 llenrico,
1497 1101 1539 1139 et
1568 1092 1904 1140 successoribus

343 1171 518 1214 vestris.
551 1172 735 1212 reddere
767 1170 917 1212 claves
948 1170 1189 1225 portalium
1220 1169 1545 1224 predictorum,
1584 1171 1627 1210 et
1654 1181 1835 1211 murum
1862 1170 1907 1211 et

343 1242 584 1284 fortalicias
625 1241 927 1297 supradictas,
960 1244 1003 1283 et
1038 1241 1395 1295 recognieionem
1418 1240 1563 1282 facere
1591 1242 1647 1283 de
1674 1239 1901 1295 predictis,

341 1317 544 1356 mutante
583 1313 766 1355 domino
807 1313 909 1354 hinc
943 1316 987 1354 et
1022 1312 1148 1359 inde,
1194 1314 1251 1354 ad
1290 1312 1636 1367 requisicionem
1679 1314 1722 1354 et
1755 1324 1907 1353 como-

342 1386 564 1427 nicionem
606 1388 804 1427 vestram
842 1387 885 1426 et
920 1386 1197 1425 vestrorum.
1239 1383 1355 1425 insi-a
1388 1383 1730 1438 quatumwleeim
1757 1382 1853 1424 dies
1879 1395 1905 1424 a

343 1457 539 1512 predicta
575 1456 883 1499 comonicione
915 1456 1274 1510 compntan‹·los;
1318 1456 1379 1496 ita
1415 1458 1566 1496 tamen
1599 1455 1720 1510 quod
1755 1468 1836 1496 vos
1863 1457 1907 1496 et

343 1529 476 1570 vestri
516 1527 759 1570 teneamini
797 1527 927 1569 nobis
970 1531 1011 1568 et
1058 1527 1393 1569 successoribus
1430 1526 1596 1568 nosti-is
1642 1527 1826 1568 reddere
1863 1527 1908 1567 ct

341 1600 600 1647 restituere,
643 1599 737 1641 sine
773 1598 1039 1640 difficultate
1067 1601 1110 1640 et
1136 1598 1428 1653 decepcione.
1467 1597 1619 1639 omnia
1652 1600 1697 1640 et
1732 1597 1907 1654 singula

343 1671 614 1727 supradicta.

402 1744 454 1785 Et.
481 1743 647 1785 seimus
675 1746 718 1785 ct
752 1742 1115 1797 recognoscimus
1143 1743 1264 1797 quod
1286 1756 1368 1783 nos
1396 1744 1439 1784 et
1461 1754 1743 1784 successores
1765 1740 1907 1783 nostri

344 1829 517 1863 snmus,
548 1818 591 1856 et
613 1828 710 1856 esse
739 1812 979 1861 debemus,
1017 1812 1172 1856 fideles
1200 1816 1243 1855 et
1270 1813 1458 1868 legitimi
1484 1811 1668 1854 vassalli
1702 1826 1782 1867 pro
1809 1825 1909 1867 pre-

344 1887 461 1928 dicto
489 1886 622 1927 sendo
652 1885 780 1927 vobis
808 1889 851 1927 et
878 1885 1213 1927 successoribus
1240 1884 1424 1932 vestris3
1452 1887 1496 1926 et
1527 1898 1630 1933 nos,
1667 1880 1754 1939 pro'
1776 1883 1908 1925 nobis

345 1962 385 2000 et
409 1957 743 2000 successoribus
763 1957 943 2003 nostris,
971 1956 1252 2003 fidelitatem,
1278 1969 1359 2011 pro
1380 1956 1581 2011 predicto
1602 1954 1752 2004 feudo,
1777 1954 1908 1997 vobis

345 2033 384 2071 et
416 2029 592 2076 vestris,
627 2030 742 2070 bona
772 2028 875 2075 fide,
903 2028 1210 2083 promittimus
1232 2031 1276 2070 et
1297 2028 1546 2083 plevimus2
1571 2030 1629 2075 et,
1655 2040 1757 2068 cum
1779 2026 1910 2082 plura:

347 2101 627 2145 sciverinms,
648 2114 728 2155 per
748 2114 830 2142 nos
853 2114 931 2141 seu
955 2113 1034 2155 per
1053 2099 1209 2141 alium.
1233 2113 1314 2141 nos
1338 2102 1488 2141 tenere
1511 2101 1552 2140 ct
1575 2101 1725 2140 tenere
1746 2098 1910 2140 debere

346 2187 373 2214 a
402 2172 544 2217 vobis,
577 2171 761 2213 domino
789 2171 994 2220 Henrico,
1026 2163 1479 2225 illa'significabimus
1502 2173 1545 2212 et
1567 2169 1696 2212 vobis
1719 2168 1912 2212 fideliter

347 2257 686 2299 cognoscemus.

408 2317 473 2357 Ad
496 2316 577 2357 hec
606 2329 686 2357 nos
715 2314 983 2362 Haenricns,
1027 2314 1146 2356 tilius
1179 2313 1282 2355 dicti
1319 2313 1491 2355 domini
1531 2312 1708 2355 comitis
1743 2311 1912 2355 Ruthe-

347 2387 526 2431 nensis,
559 2400 638 2442 pro
667 2387 797 2427 nobis
825 2389 868 2427 et
901 2386 1237 2427 successoribus
1276 2385 1466 2433 uostris,
1505 2384 1752 2440 predictam
1789 2396 1911 2425 reco-

346 2458 598 2514 gnicionem
630 2457 909 2512 recipientes,
941 2460 983 2498 et
1011 2460 1240 2511 gratanter
1260 2458 1561 2510 acceptantes,
1587 2458 1632 2497 et
1657 2455 1906 2501 credentes,

349 2533 391 2571 et
419 2532 588 2571 slantes
623 2529 740 2570 dicto
780 2531 1061 2570 sacramento
1096 2542 1122 2569 a
1154 2528 1298 2574 vobis,
1330 2528 1582 2570 Raimundo
1605 2526 1738 2573 Petri,
1774 2524 1905 2573 facto,

348 2600 544 2643 contenti
566 2600 810 2655 predictam
831 2599 1201 2654 recognicionem,
1223 2600 1306 2640 sul)
1326 2599 1468 2640 torma
1482 2601 1526 2640 et
1548 2598 1683 2640 modo
1704 2597 1913 2652 superius

351 2671 608 2718 nominatis,
652 2671 931 2726 cognoscatis
960 2671 1088 2712 nobis
1133 2674 1175 2712 et
1213 2669 1548 2712 successorihus
1582 2669 1774 2717 nostris,
1820 2667 1913 2710 lau-

351 2746 527 2786 damus,
546 2746 584 2784 et
612 2743 900 2783 ‹wincffllimus
922 2745 959 2783 et
983 2742 1307 2783 roillirmamns
1329 2741 1474 2783 vobis.
1503 2740 1756 2783 Raimundo
1776 2739 1909 2790 Petri,

352 2819 393 2856 et
414 2814 747 2856 successoribus
774 2814 932 2855 vestris
956 2813 1203 2868 predictum
1231 2813 1413 2855 l'eudum
1436 2816 1480 2854 et
1499 2812 1652 2854 omnia
1672 2815 1716 2854 et
1737 2811 1912 2867 singula

353 2886 632 2941 supradicta2
656 2886 985 2941 prtnnittentes.
1014 2885 1131 2926 bona
1152 2884 1257 2933 fide,
1283 2898 1363 2939 per
1385 2883 1744 2939 stipulacionem,
1770 2882 1908 2938 quod,
