2070 3486
1075 314 1332 357 —782-

420 410 619 464 precium
645 408 877 464 potuimus
905 409 1115 463 reperire,
1149 409 1250 451 licet
1276 422 1356 465 per
1386 409 1580 457 multum
1609 409 1857 468 [temporis]
1888 425 1986 467 per-

419 481 708 536 quisierimus
730 479 981 533 diligenter.
1013 480 1238 535 Quidquid
1261 484 1411 523 autem
1436 481 1552 523 dicte
1574 494 1644 522 res
1673 482 1853 525 vendite
1880 483 1982 537 plus

420 551 617 606 predicto
648 551 796 605 precio
824 551 978 592 valent
1004 552 1073 592 vel
1105 552 1334 598 valebunt,
1367 555 1527 596 totum.
1562 556 1982 608 quantumcumque

416 623 652 665 excederet
680 622 997 677 quantitatem,
1023 622 1100 664 tibi
1123 626 1167 664 et
1186 623 1327 665 tuis...
1350 625 1650 672 donamus...;
1677 625 1751 665 sed
1779 627 1824 666 tu
1852 625 1980 667 dabis

415 695 517 735 inde
554 693 682 735 dictis
720 693 916 735 dominis
958 694 1163 749 quintam
1202 697 1375 749 partem
1418 694 1607 749 piscium
1649 695 1810 737 levatis
1853 708 1980 738 man-

409 764 527 819 gillis
549 765 792 813 consuetis,
830 767 873 807 et
902 764 1021 807 ultra
1048 765 1271 808 usaticum
1293 765 1461 821 piperis
1483 766 1604 821 quod
1626 766 1858 809 annuatim
1881 768 1978 810 dari

411 837 560 879 (lebet.

466 908 557 950 Nos
584 910 736 950 autem
767 907 847 949 tibi
868 907 1103 963 stipulanti
1135 908 1457 963 promittimus,
1495 909 1617 964 quod
1650 909 1873 964 predictas
1894 910 1976 952 tibi

406 979 615 1021 venditas
648 992 720 1021 res
748 978 966 1021 iaciemus
999 982 1042 1021 te
1077 982 1120 1021 et
1155 982 1271 1028 tuos,
1310 982 1487 1035 etquos
1508 980 1706 1022 volueris
1734 994 1967 1036 semper...

404 1050 589 1105 pacifice
617 1050 864 1105 possidere,
897 1053 941 1092 et
966 1052 1024 1092 ab
1052 1051 1177 1092 omni
1204 1050 1536 1093 contradicente
1555 1051 1653 1107 jure
1691 1065 1872 1107 semper
1893 1051 1972 1094 tibi

404 1120 746 1168 deffendemus;
778 1124 822 1163 et
854 1135 934 1176 pro
976 1121 1063 1164 hiis
1098 1121 1312 1164 omnibus
1348 1121 1562 1177 predictis
1598 1124 1642 1164 et
1677 1121 1867 1177 singulis
1888 1135 1972 1178 pac

400 1191 550 1247 (blanc
572 1193 593 1233 l
615 1193 748 1247 cent.)
770 1206 950 1248 semper
982 1193 1236 1241 manendis,
1278 1196 1322 1235 et
1354 1207 1435 1248 pro
1472 1192 1700 1235 eviccione
1734 1193 1859 1236 totali
1896 1194 1969 1236 vel

399 1264 673 1319 particulari,
706 1264 740 1305 si
779 1264 883 1306 inde
914 1264 1194 1319 contingeret
1222 1265 1514 1313 restituenda,
1547 1264 1802 1319 obligamus
1825 1264 1905 1307 tibi
1926 1268 1970 1308 et

400 1335 486 1377 tuis
515 1335 705 1377 tirmiter
731 1338 775 1377 et
800 1335 1109 1390 astringimus,
1142 1336 1335 1392 quisque
1363 1336 1624 1389 insolidum,
1647 1350 1729 1378 nos
1751 1339 1794 1379 et
1813 1337 1969 1380 omnia

398 1408 518 1449 bona
546 1409 700 1449 nostra
735 1407 969 1462 presencia
998 1410 1042 1450 et
1076 1407 1239 1450 futura.
1280 1409 1391 1450 Item
1420 1407 1501 1450 tibi
1524 1408 1759 1463 stipulanti
1780 1409 1968 1463 promit-

399 1478 536 1521 timus
555 1479 675 1534 quod
696 1479 758 1520 nil
778 1479 1033 1521 diximus...
1058 1479 1302 1534 quominus
1324 1480 1407 1522 hec
1426 1479 1632 1522 vendicio
1653 1482 1698 1522 et
1714 1479 1796 1522 hec
1813 1480 1966 1523 onmia

396 1550 596 1605 predicta
629 1553 673 1592 et
709 1550 886 1604 singula
913 1564 1094 1606 semper
1120 1550 1442 1593 inviolabiliter
1468 1551 1696 1606 gaudeant
1722 1551 1959 1600 firmitate;

394 1636 475 1664 nec
510 1622 662 1678 aliquo
697 1622 850 1677 jure...
897 1624 1052 1664 contra
1095 1636 1150 1664 ea
1193 1622 1265 1664 vel
1306 1636 1462 1664 eorum
1502 1623 1686 1678 aliquod
1726 1636 1960 1679 nunquam

392 1694 651 1744 veniemus,
691 1693 768 1735 tibi
811 1694 1146 1749 promittimus,
1189 1697 1233 1736 et
1269 1694 1474 1750 juramus
1513 1708 1649 1750 super
1692 1697 1847 1737 sancta
1881 1694 1960 1737 Dei

389 1765 625 1821 evangelia
646 1779 672 1808 a
688 1765 818 1807 nobis
840 1766 1133 1821 corporaliter
1153 1768 1291 1815 tacta;
1318 1766 1634 1808 renunciantes
1655 1766 1700 1808 in
1722 1766 1820 1821 ipso
1840 1765 1959 1822 jura·

388 1840 596 1879 mento...
628 1850 844 1893 expresse
871 1837 955 1879 sori
984 1837 1219 1893 privilegio
1256 1840 1300 1880 et
1334 1837 1663 1885 deliberatoris,
1696 1839 1740 1880 et
1767 1837 1958 1880 induciis

387 1908 750 1958 cadrunestffius,
777 1912 821 1951 et
841 1908 1064 1951 beneficio
1093 1922 1210 1951 nove
1234 1908 1597 1957 constitutionis,

446 1980 498 2021 Et
534 1994 615 2022 nos
649 1980 837 2035 predicti
865 1979 1088 2029 Salvator,
1125 1983 1169 2022 et
1202 1981 1376 2028 Petrus
1409 1982 1453 2022 et
1478 1979 1791 2035 Berengarius,
1823 1982 1867 2022 et
1889 1980 1957 2023 Si-

386 2051 550 2093 bienda
566 2051 784 2094 beneficio
804 2051 992 2093 minoris
1011 2052 1158 2101 etatis,
1178 2054 1222 2094 et
1239 2052 1410 2094 auxilio
1432 2051 1747 2100 restitutionis,
1766 2054 1811 2094 et
1829 2052 1955 2094 omni

384 2122 459 2164 alii
484 2123 586 2178 juri,
619 2123 782 2165 rationi
810 2126 854 2165 et
873 2123 1191 2165 consuetudini
1212 2123 1378 2179 quibus
1400 2126 1555 2165 eontra
1574 2122 1776 2178 predicta
1796 2123 1952 2165 venire

381 2207 643 2249 posse1nus;
664 2198 707 2237 et
721 2195 803 2237 hec
823 2194 976 2237 omnia
997 2197 1042 2237 et
1062 2194 1239 2250 singula
1259 2194 1460 2250 predicta
1481 2208 1588 2237 vera
1608 2208 1722 2248 esse,
1749 2207 1946 2244 servare,

380 2266 620 2322 complere,
659 2269 702 2309 et
730 2269 886 2309 contra
915 2280 1005 2308 non
1032 2267 1187 2309 venire
1214 2266 1461 2309 asserimus
1483 2269 1527 2308 et
1548 2266 1874 2322 promittimus,
1906 2269 1951 2308 et

371 2338 576 2394 juramus
599 2338 677 2380 tibi
700 2341 861 2394 sponte
883 2352 1019 2394 super
1040 2340 1195 2381 sancta
1215 2338 1295 2381 Dei
1313 2338 1550 2393 evangelia
1578 2351 1605 2380 a
1632 2337 1763 2380 nobis
1784 2351 1941 2393 corpo-

374 2409 527 2451 raliter
561 2412 690 2452 tacta.
741 2411 835 2451 Sub
869 2424 959 2465 quo
1002 2413 1285 2452 sacramento
1323 2413 1368 2453 et
1403 2409 1676 2464 obligatione
1721 2410 1944 2451 bonorum

376 2484 651 2529 nostrorum,
686 2481 976 2536 promitimus
1013 2484 1057 2524 et
1089 2481 1402 2530 convenimus,
1447 2481 1640 2536 quisque
1677 2479 1939 2529 insolidum,

375 2565 457 2594 nos
479 2552 636 2594 facturi
656 2555 698 2594 et
716 2553 1042 2601 conservaturi,
1057 2554 1178 2608 quod
1193 2553 1402 2601 Jacobus,
1421 2551 1541 2594 filius
1562 2551 1649 2594 mei
1664 2550 1883 2594 Johannis
1899 2554 1942 2594 et

374 2623 512 2665 frater
528 2623 589 2679 (1)
606 2624 744 2666 nostri
764 2624 973 2673 aliorum,
994 2625 1241 2680 predictam
1254 2624 1586 2673 vendicionem,
1606 2626 1650 2665 et
1670 2623 1823 2665 omnia
1843 2637 1943 2678 pre-

372 2695 491 2737 dicta
523 2698 567 2737 et
600 2695 774 2750 singula
808 2696 1023 2744 laudabit,
1052 2696 1293 2738 ratificabit
1312 2699 1357 2738 et
1382 2694 1671 2739 conservabit
1694 2694 1773 2737 tibi
1795 2707 1941 2737 sacra-

370 2769 537 2814 mento,
559 2769 718 2808 etcum
735 2767 948 2808 omnibus
971 2767 1394 2810 renunciacionibus
1421 2770 1466 2809 et
1494 2766 1701 2815 cautelis,
1732 2765 1871 2821 gratis
1895 2768 1940 2808 et
2005 2814 2008 2817 ¹

367 2837 462 2879 sine
488 2838 726 2879 traditione
747 2838 987 2894 cujuslibet
1009 2839 1087 2886 rei,
1113 2852 1212 2881 cum
1237 2839 1320 2881 erit
1343 2838 1474 2880 etatis
1496 2838 1610 2880 Xllll
1632 2850 1873 2880 annorum.

415 2999 463 3046 (1)
494 2998 618 3034 Cart:
643 2998 802 3044 fratris.
