<?xml version="1.0" encoding="UTF-8"?>
<!DOCTYPE html PUBLIC "-//W3C//DTD XHTML 1.0 Transitional//EN"
    "http://www.w3.org/TR/xhtml1/DTD/xhtml1-transitional.dtd">
<html xmlns="http://www.w3.org/1999/xhtml" xml:lang="en" lang="en">
 <head>
  <title>
</title>
<meta http-equiv="Content-Type" content="text/html;charset=utf-8" />
  <meta name='ocr-system' content='tesseract 3.04.00' />
  <meta name='ocr-capabilities' content='ocr_page ocr_carea ocr_par ocr_line ocrx_word'/>
</head>
<body>
  <div class='ocr_page' id='page_1' title='image "./cartulairedemagu02cathuoft_0286.png"; bbox 0 0 2070 3486; ppageno 0'>
   <div class='ocr_carea' id='block_1_1' title="bbox 1020 255 1282 298">
    <p class='ocr_par' dir='ltr' id='par_1_1' title="bbox 1020 255 1282 298">
     <span class='ocr_line' id='line_1_1' title="bbox 1020 255 1282 298; baseline -0.004 0"><span class='ocrx_word' id='word_1_1' title='bbox 1020 282 1072 286; x_wconf 89' lang='lat'>——</span> <span class='ocrx_word' id='word_1_2' title='bbox 1108 255 1193 298; x_wconf 76' lang='lat'>280</span> <span class='ocrx_word' id='word_1_3' title='bbox 1227 282 1282 287; x_wconf 91' lang='lat'><em>-</em></span> 
     </span>
    </p>
   </div>
   <div class='ocr_carea' id='block_1_2' title="bbox 366 351 1993 2975">
    <p class='ocr_par' dir='ltr' id='par_1_2' title="bbox 366 351 1935 976">
     <span class='ocr_line' id='line_1_2' title="bbox 366 351 1933 407; baseline 0.001 -14"><span class='ocrx_word' id='word_1_4' title='bbox 366 367 444 407; x_wconf 65' lang='lat' dir='ltr'>por</span> <span class='ocrx_word' id='word_1_5' title='bbox 466 366 623 393; x_wconf 75' lang='lat' dir='ltr'>omues</span> <span class='ocrx_word' id='word_1_6' title='bbox 646 366 766 396; x_wconf 77' lang='lat' dir='ltr'>suos.</span> <span class='ocrx_word' id='word_1_7' title='bbox 791 351 926 393; x_wconf 80' lang='lat' dir='ltr'>uliam</span> <span class='ocrx_word' id='word_1_8' title='bbox 951 352 1237 393; x_wconf 77' lang='lat' dir='ltr'>medietatem</span> <span class='ocrx_word' id='word_1_9' title='bbox 1264 352 1563 407; x_wconf 82' lang='lat' dir='ltr'>predictorum</span> <span class='ocrx_word' id='word_1_10' title='bbox 1589 355 1827 406; x_wconf 82' lang='lat' dir='ltr'>patuorum</span> <span class='ocrx_word' id='word_1_11' title='bbox 1853 365 1933 407; x_wconf 90' lang='lat' dir='ltr'>pro</span> 
     </span>
     <span class='ocr_line' id='line_1_3' title="bbox 370 423 1928 477; baseline 0.001 -13"><span class='ocrx_word' id='word_1_12' title='bbox 370 424 577 467; x_wconf 70' lang='lat' dir='ltr'>indiviso,</span> <span class='ocrx_word' id='word_1_13' title='bbox 604 423 785 464; x_wconf 72' lang='lat' dir='ltr'>cuilibet</span> <span class='ocrx_word' id='word_1_14' title='bbox 804 423 1164 477; x_wconf 82' lang='lat' dir='ltr'>supradictorum</span> <span class='ocrx_word' id='word_1_15' title='bbox 1198 437 1275 477; x_wconf 81' lang='lat' dir='ltr'>per</span> <span class='ocrx_word' id='word_1_16' title='bbox 1296 438 1342 463; x_wconf 73' lang='lat' dir='ltr'>se</span> <span class='ocrx_word' id='word_1_17' title='bbox 1362 426 1405 464; x_wconf 86' lang='lat' dir='ltr'>et</span> <span class='ocrx_word' id='word_1_18' title='bbox 1433 437 1553 465; x_wconf 75' lang='lat' dir='ltr'>suos.</span> <span class='ocrx_word' id='word_1_19' title='bbox 1581 427 1620 464; x_wconf 86' lang='grc'>111</span> <span class='ocrx_word' id='word_1_20' title='bbox 1640 424 1816 464; x_wconf 77' lang='lat' dir='ltr'>&#39;dictum</span> <span class='ocrx_word' id='word_1_21' title='bbox 1846 426 1928 471; x_wconf 80' lang='lat' dir='ltr'>est,</span> 
     </span>
     <span class='ocr_line' id='line_1_4' title="bbox 371 494 1933 549; baseline 0 -13"><span class='ocrx_word' id='word_1_22' title='bbox 371 497 511 549; x_wconf 66' lang='lat' dir='ltr'>ips-um</span> <span class='ocrx_word' id='word_1_23' title='bbox 537 494 769 535; x_wconf 83' lang='lat' dir='ltr'>dimidiam</span> <span class='ocrx_word' id='word_1_24' title='bbox 801 508 879 548; x_wconf 88' lang='lat' dir='ltr'>pro</span> <span class='ocrx_word' id='word_1_25' title='bbox 901 498 1061 548; x_wconf 78' lang='lat' dir='ltr'>quarta</span> <span class='ocrx_word' id='word_1_26' title='bbox 1089 498 1213 549; x_wconf 83' lang='lat' dir='ltr'>parte</span> <span class='ocrx_word' id='word_1_27' title='bbox 1245 495 1571 549; x_wconf 68' lang='lat' dir='ltr'>pertinendum.</span> <span class='ocrx_word' id='word_1_28' title='bbox 1602 494 1743 543; x_wconf 76' lang='lat' dir='ltr'>Quam</span> <span class='ocrx_word' id='word_1_29' title='bbox 1768 495 1933 536; x_wconf 84' lang='lat' dir='ltr'>medie-</span> 
     </span>
     <span class='ocr_line' id='line_1_5' title="bbox 373 565 1932 620; baseline 0 -13"><span class='ocrx_word' id='word_1_30' title='bbox 373 569 508 607; x_wconf 71' lang='lat' dir='ltr'>tatem</span> <span class='ocrx_word' id='word_1_31' title='bbox 538 578 696 606; x_wconf 87' lang='lat' dir='ltr'>omnes</span> <span class='ocrx_word' id='word_1_32' title='bbox 725 565 908 619; x_wconf 77' lang='lat' dir='ltr'><strong>predicti</strong></span> <span class='ocrx_word' id='word_1_33' title='bbox 934 567 977 606; x_wconf 89' lang='lat' dir='ltr'>et</span> <span class='ocrx_word' id='word_1_34' title='bbox 996 578 1153 606; x_wconf 88' lang='lat' dir='ltr'>eorum</span> <span class='ocrx_word' id='word_1_35' title='bbox 1176 579 1456 606; x_wconf 65' lang='lat' dir='ltr'>successoros</span> <span class='ocrx_word' id='word_1_36' title='bbox 1481 566 1696 606; x_wconf 76' lang='lat' dir='ltr'>tenebunt</span> <span class='ocrx_word' id='word_1_37' title='bbox 1713 578 1737 606; x_wconf 79' lang='lat' dir='ltr'>a</span> <span class='ocrx_word' id='word_1_38' title='bbox 1759 565 1932 620; x_wconf 77' lang='lat' dir='ltr'>prefato</span> 
     </span>
     <span class='ocr_line' id='line_1_6' title="bbox 371 635 1933 691; baseline 0.001 -14"><span class='ocrx_word' id='word_1_39' title='bbox 371 637 554 678; x_wconf 77' lang='lat' dir='ltr'>‹lmuiuo</span> <span class='ocrx_word' id='word_1_40' title='bbox 576 636 787 690; x_wconf 71' lang='lat' dir='ltr'>episcopo</span> <span class='ocrx_word' id='word_1_41' title='bbox 810 636 866 677; x_wconf 85' lang='lat' dir='ltr'>ad</span> <span class='ocrx_word' id='word_1_42' title='bbox 890 635 1075 677; x_wconf 80' lang='lat' dir='ltr'>feudum</span> <span class='ocrx_word' id='word_1_43' title='bbox 1097 651 1104 682; x_wconf 86' lang='lat'>;</span> <span class='ocrx_word' id='word_1_44' title='bbox 1129 637 1184 677; x_wconf 89' lang='lat' dir='ltr'>de</span> <span class='ocrx_word' id='word_1_45' title='bbox 1203 649 1292 691; x_wconf 77' lang='lat' dir='ltr'>quo</span> <span class='ocrx_word' id='word_1_46' title='bbox 1322 636 1455 677; x_wconf 80' lang='lat' dir='ltr'>leudo</span> <span class='ocrx_word' id='word_1_47' title='bbox 1480 636 1561 690; x_wconf 83' lang='lat' dir='ltr'>ipsi</span> <span class='ocrx_word' id='word_1_48' title='bbox 1587 639 1631 677; x_wconf 87' lang='lat' dir='ltr'>et</span> <span class='ocrx_word' id='word_1_49' title='bbox 1652 649 1933 678; x_wconf 69' lang='lat' dir='ltr'>successores</span> 
     </span>
     <span class='ocr_line' id='line_1_7' title="bbox 370 706 1932 762; baseline 0.001 -15"><span class='ocrx_word' id='word_1_50' title='bbox 370 721 525 749; x_wconf 73' lang='lat' dir='ltr'>eorum</span> <span class='ocrx_word' id='word_1_51' title='bbox 559 707 822 748; x_wconf 65' lang='lat' dir='ltr'><strong>fidelitatem</strong></span> <span class='ocrx_word' id='word_1_52' title='bbox 845 706 963 748; x_wconf 87' lang='lat' dir='ltr'>dicto</span> <span class='ocrx_word' id='word_1_53' title='bbox 991 707 1174 748; x_wconf 90' lang='lat' dir='ltr'>domino</span> <span class='ocrx_word' id='word_1_54' title='bbox 1196 707 1408 762; x_wconf 84' lang='lat' dir='ltr'>episcopo</span> <span class='ocrx_word' id='word_1_55' title='bbox 1438 707 1614 754; x_wconf 75' lang='lat' dir='ltr'>facient,</span> <span class='ocrx_word' id='word_1_56' title='bbox 1641 710 1684 748; x_wconf 90' lang='lat' dir='ltr'>et</span> <span class='ocrx_word' id='word_1_57' title='bbox 1712 720 1758 749; x_wconf 88' lang='lat' dir='ltr'>se</span> <span class='ocrx_word' id='word_1_58' title='bbox 1788 707 1932 762; x_wconf 82' lang='lat' dir='ltr'>ipsam</span> 
     </span>
     <span class='ocr_line' id='line_1_8' title="bbox 368 777 1933 831; baseline 0 -11"><span class='ocrx_word' id='word_1_59' title='bbox 368 780 423 820; x_wconf 73' lang='lat' dir='ltr'>ab</span> <span class='ocrx_word' id='word_1_60' title='bbox 446 792 498 821; x_wconf 83' lang='lat' dir='ltr'>eo</span> <span class='ocrx_word' id='word_1_61' title='bbox 529 782 677 820; x_wconf 84' lang='lat' dir='ltr'>tenere</span> <span class='ocrx_word' id='word_1_62' title='bbox 708 781 1050 831; x_wconf 77' lang='lat' dir='ltr'>recognoscent;</span> <span class='ocrx_word' id='word_1_63' title='bbox 1084 781 1128 820; x_wconf 88' lang='lat' dir='ltr'>et</span> <span class='ocrx_word' id='word_1_64' title='bbox 1158 778 1318 820; x_wconf 73' lang='lat' dir='ltr'>facient</span> <span class='ocrx_word' id='word_1_65' title='bbox 1344 779 1381 819; x_wconf 89' lang='lat' dir='ltr'>ei</span> <span class='ocrx_word' id='word_1_66' title='bbox 1413 782 1455 820; x_wconf 82' lang='lat' dir='ltr'>et</span> <span class='ocrx_word' id='word_1_67' title='bbox 1483 777 1818 820; x_wconf 78' lang='lat' dir='ltr'>successoribus</span> <span class='ocrx_word' id='word_1_68' title='bbox 1840 777 1933 820; x_wconf 87' lang='lat' dir='ltr'>suis</span> 
     </span>
     <span class='ocr_line' id='line_1_9' title="bbox 366 849 1935 905; baseline 0 -14"><span class='ocrx_word' id='word_1_69' title='bbox 366 851 599 902; x_wconf 58' lang='lat' dir='ltr'>albei-gum</span> <span class='ocrx_word' id='word_1_70' title='bbox 625 849 860 891; x_wconf 80' lang='lat' dir='ltr'>aunuatim</span> <span class='ocrx_word' id='word_1_71' title='bbox 889 852 1084 904; x_wconf 83' lang='lat' dir='ltr'>quatuor</span> <span class='ocrx_word' id='word_1_72' title='bbox 1118 850 1351 897; x_wconf 75' lang='lat' dir='ltr'>militibus,</span> <span class='ocrx_word' id='word_1_73' title='bbox 1388 850 1430 891; x_wconf 87' lang='lat' dir='ltr'>in</span> <span class='ocrx_word' id='word_1_74' title='bbox 1459 863 1578 892; x_wconf 79' lang='lat' dir='ltr'>anno</span> <span class='ocrx_word' id='word_1_75' title='bbox 1602 850 1644 890; x_wconf 90' lang='lat' dir='ltr'>in</span> <span class='ocrx_word' id='word_1_76' title='bbox 1667 863 1757 905; x_wconf 83' lang='lat' dir='ltr'>quo</span> <span class='ocrx_word' id='word_1_77' title='bbox 1787 849 1935 904; x_wconf 83' lang='lat' dir='ltr'>requi—</span> 
     </span>
     <span class='ocr_line' id='line_1_10' title="bbox 370 921 1141 976; baseline -0.001 -13"><span class='ocrx_word' id='word_1_78' title='bbox 370 925 489 963; x_wconf 75' lang='lat' dir='ltr'>retur</span> <span class='ocrx_word' id='word_1_79' title='bbox 517 922 611 962; x_wconf 78' lang='lat' dir='ltr'>siue</span> <span class='ocrx_word' id='word_1_80' title='bbox 639 921 791 976; x_wconf 83' lang='lat' dir='ltr'>aliquo</span> <span class='ocrx_word' id='word_1_81' title='bbox 819 921 906 962; x_wconf 84' lang='lat' dir='ltr'>alio</span> <span class='ocrx_word' id='word_1_82' title='bbox 936 921 1141 963; x_wconf 70' lang='lat' dir='ltr'>servicio.</span> 
     </span>
    </p>

    <p class='ocr_par' dir='ltr' id='par_1_3' title="bbox 368 991 1936 1261">
     <span class='ocr_line' id='line_1_11' title="bbox 428 991 1933 1047; baseline -0.001 -14"><span class='ocrx_word' id='word_1_83' title='bbox 428 992 769 1034; x_wconf 68' lang='lat' dir='ltr'>l‘rel‹1·readicta</span> <span class='ocrx_word' id='word_1_84' title='bbox 796 995 947 1047; x_wconf 72' lang='lat' dir='ltr'>patua.v</span> <span class='ocrx_word' id='word_1_85' title='bbox 980 993 1197 1047; x_wconf 89' lang='lat' dir='ltr'>perhanc</span> <span class='ocrx_word' id='word_1_86' title='bbox 1224 993 1616 1047; x_wconf 76' lang='lat' dir='ltr'>compositimwm.</span> <span class='ocrx_word' id='word_1_87' title='bbox 1643 993 1806 1034; x_wconf 86' lang='lat' dir='ltr'>debent</span> <span class='ocrx_word' id='word_1_88' title='bbox 1839 991 1933 1034; x_wconf 82' lang='lat' dir='ltr'>dari</span> 
     </span>
     <span class='ocr_line' id='line_1_12' title="bbox 368 1063 1936 1119; baseline -0.001 -14"><span class='ocrx_word' id='word_1_89' title='bbox 368 1064 422 1105; x_wconf 83' lang='lat' dir='ltr'>ad</span> <span class='ocrx_word' id='word_1_90' title='bbox 452 1063 678 1118; x_wconf 80' lang='lat' dir='ltr'>acapitum</span> <span class='ocrx_word' id='word_1_91' title='bbox 711 1078 737 1104; x_wconf 80' lang='lat' dir='ltr'>a</span> <span class='ocrx_word' id='word_1_92' title='bbox 770 1063 887 1105; x_wconf 84' lang='lat' dir='ltr'>dicto</span> <span class='ocrx_word' id='word_1_93' title='bbox 921 1063 1106 1105; x_wconf 84' lang='lat' dir='ltr'>domino</span> <span class='ocrx_word' id='word_1_94' title='bbox 1133 1064 1345 1119; x_wconf 78' lang='lat' dir='ltr'>episcopo</span> <span class='ocrx_word' id='word_1_95' title='bbox 1380 1077 1459 1118; x_wconf 86' lang='lat' dir='ltr'>pro</span> <span class='ocrx_word' id='word_1_96' title='bbox 1497 1063 1683 1105; x_wconf 83' lang='lat' dir='ltr'>dimidia</span> <span class='ocrx_word' id='word_1_97' title='bbox 1709 1066 1857 1118; x_wconf 83' lang='lat' dir='ltr'>parte,</span> <span class='ocrx_word' id='word_1_98' title='bbox 1892 1065 1936 1104; x_wconf 87' lang='lat' dir='ltr'>et</span> 
     </span>
     <span class='ocr_line' id='line_1_13' title="bbox 369 1134 1936 1190; baseline 0 -14"><span class='ocrx_word' id='word_1_99' title='bbox 369 1149 395 1177; x_wconf 86' lang='lat' dir='ltr'>a</span> <span class='ocrx_word' id='word_1_100' title='bbox 422 1134 690 1189; x_wconf 77' lang='lat' dir='ltr'>supradictis</span> <span class='ocrx_word' id='word_1_101' title='bbox 718 1137 915 1189; x_wconf 83' lang='lat' dir='ltr'>quatuor</span> <span class='ocrx_word' id='word_1_102' title='bbox 944 1149 1024 1189; x_wconf 87' lang='lat' dir='ltr'>pro</span> <span class='ocrx_word' id='word_1_103' title='bbox 1053 1135 1138 1177; x_wconf 79' lang='lat' dir='ltr'>alia</span> <span class='ocrx_word' id='word_1_104' title='bbox 1163 1135 1349 1177; x_wconf 85' lang='lat' dir='ltr'>dimidia</span> <span class='ocrx_word' id='word_1_105' title='bbox 1380 1149 1457 1189; x_wconf 80' lang='lat' dir='ltr'>Dro</span> <span class='ocrx_word' id='word_1_106' title='bbox 1485 1134 1584 1176; x_wconf 87' lang='lat' dir='ltr'>aliis</span> <span class='ocrx_word' id='word_1_107' title='bbox 1618 1137 1812 1190; x_wconf 84' lang='lat' dir='ltr'>quatuor</span> <span class='ocrx_word' id='word_1_108' title='bbox 1836 1147 1936 1190; x_wconf 85' lang='lat' dir='ltr'>par—</span> 
     </span>
     <span class='ocr_line' id='line_1_14' title="bbox 371 1205 1753 1261; baseline 0 -14"><span class='ocrx_word' id='word_1_109' title='bbox 371 1207 504 1252; x_wconf 78' lang='lat' dir='ltr'>tibus,</span> <span class='ocrx_word' id='word_1_110' title='bbox 537 1220 623 1261; x_wconf 75' lang='lat' dir='ltr'>que</span> <span class='ocrx_word' id='word_1_111' title='bbox 648 1205 816 1247; x_wconf 79' lang='lat' dir='ltr'>faciunt</span> <span class='ocrx_word' id='word_1_112' title='bbox 837 1205 972 1247; x_wconf 84' lang='lat' dir='ltr'>aliam</span> <span class='ocrx_word' id='word_1_113' title='bbox 994 1206 1245 1253; x_wconf 76' lang='lat' dir='ltr'>dimidiam,</span> <span class='ocrx_word' id='word_1_114' title='bbox 1278 1220 1354 1248; x_wconf 88' lang='lat' dir='ltr'>eos</span> <span class='ocrx_word' id='word_1_115' title='bbox 1373 1206 1753 1260; x_wconf 75' lang='lat' dir='ltr'>contingentibus.</span> 
     </span>
    </p>

    <p class='ocr_par' dir='ltr' id='par_1_4' title="bbox 368 1277 1993 1547">
     <span class='ocr_line' id='line_1_15' title="bbox 427 1277 1934 1332; baseline 0 -14"><span class='ocrx_word' id='word_1_116' title='bbox 427 1278 479 1319; x_wconf 75' lang='lat' dir='ltr'>Et</span> <span class='ocrx_word' id='word_1_117' title='bbox 507 1277 563 1318; x_wconf 83' lang='lat' dir='ltr'>ibi</span> <span class='ocrx_word' id='word_1_118' title='bbox 597 1280 686 1318; x_wconf 88' lang='lat' dir='ltr'>tam</span> <span class='ocrx_word' id='word_1_119' title='bbox 715 1277 927 1319; x_wconf 85' lang='lat' dir='ltr'>dominus</span> <span class='ocrx_word' id='word_1_120' title='bbox 955 1277 1194 1332; x_wconf 87' lang='lat' dir='ltr'>episcopus</span> <span class='ocrx_word' id='word_1_121' title='bbox 1230 1291 1366 1332; x_wconf 78' lang='lat' dir='ltr'>quam</span> <span class='ocrx_word' id='word_1_122' title='bbox 1407 1277 1479 1318; x_wconf 78' lang='lat' dir='ltr'>alii</span> <span class='ocrx_word' id='word_1_123' title='bbox 1520 1278 1686 1318; x_wconf 85' lang='lat' dir='ltr'>debent</span> <span class='ocrx_word' id='word_1_124' title='bbox 1713 1277 1934 1318; x_wconf 83' lang='lat' dir='ltr'>usaticum</span> 
     </span>
     <span class='ocr_line' id='line_1_16' title="bbox 369 1339 1986 1407; baseline 0.001 -17"><span class='ocrx_word' id='word_1_125' title='bbox 369 1350 408 1390; x_wconf 85' lang='lat' dir='ltr'>in</span> <span class='ocrx_word' id='word_1_126' title='bbox 442 1349 650 1404; x_wconf 70' lang='lat' dir='ltr'>predictis</span> <span class='ocrx_word' id='word_1_127' title='bbox 678 1339 1103 1404; x_wconf 82' lang='lat' dir='ltr'>acapitisretinere;</span> <span class='ocrx_word' id='word_1_128' title='bbox 1135 1352 1178 1391; x_wconf 84' lang='lat' dir='ltr'>et</span> <span class='ocrx_word' id='word_1_129' title='bbox 1201 1349 1308 1390; x_wconf 85' lang='lat' dir='ltr'>illud</span> <span class='ocrx_word' id='word_1_130' title='bbox 1331 1351 1448 1404; x_wconf 77' lang='lat' dir='ltr'>quod</span> <span class='ocrx_word' id='word_1_131' title='bbox 1473 1349 1633 1390; x_wconf 79' lang='lat' dir='ltr'>exierit</span> <span class='ocrx_word' id='word_1_132' title='bbox 1653 1350 1708 1390; x_wconf 88' lang='lat' dir='ltr'>de</span> <span class='ocrx_word' id='word_1_133' title='bbox 1729 1348 1932 1404; x_wconf 59' lang='lat' dir='ltr'>accipitis,</span> <span class='ocrx_word' id='word_1_134' title='bbox 1983 1403 1986 1407; x_wconf 83' lang='lat'>.</span> 
     </span>
     <span class='ocr_line' id='line_1_17' title="bbox 368 1419 1993 1475; baseline -0.001 -14"><span class='ocrx_word' id='word_1_135' title='bbox 368 1423 410 1463; x_wconf 85' lang='lat' dir='ltr'>et</span> <span class='ocrx_word' id='word_1_136' title='bbox 430 1420 645 1462; x_wconf 78' lang='lat' dir='ltr'>laudimia</span> <span class='ocrx_word' id='word_1_137' title='bbox 668 1420 1007 1475; x_wconf 71' lang='lat' dir='ltr'>subsequentia.</span> <span class='ocrx_word' id='word_1_138' title='bbox 1028 1421 1163 1461; x_wconf 84' lang='lat' dir='ltr'>debet</span> <span class='ocrx_word' id='word_1_139' title='bbox 1183 1423 1372 1475; x_wconf 75' lang='lat' dir='ltr'>utraque</span> <span class='ocrx_word' id='word_1_140' title='bbox 1394 1433 1497 1475; x_wconf 89' lang='lat' dir='ltr'>pars</span> <span class='ocrx_word' id='word_1_141' title='bbox 1521 1434 1599 1475; x_wconf 88' lang='lat' dir='ltr'>pro</span> <span class='ocrx_word' id='word_1_142' title='bbox 1621 1419 1807 1461; x_wconf 85' lang='lat' dir='ltr'>dimidia</span> <span class='ocrx_word' id='word_1_143' title='bbox 1830 1419 1938 1462; x_wconf 89' lang='lat' dir='ltr'>reci-</span> <span class='ocrx_word' id='word_1_144' title='bbox 1988 1425 1993 1437; x_wconf 89' lang='grc'><em>·</em></span> 
     </span>
     <span class='ocr_line' id='line_1_18' title="bbox 373 1492 745 1547; baseline -0.005 -13"><span class='ocrx_word' id='word_1_145' title='bbox 373 1506 475 1547; x_wconf 83' lang='lat' dir='ltr'>pere</span> <span class='ocrx_word' id='word_1_146' title='bbox 500 1495 543 1533; x_wconf 78' lang='lat' dir='ltr'>et</span> <span class='ocrx_word' id='word_1_147' title='bbox 564 1492 745 1533; x_wconf 76' lang='lat' dir='ltr'>babere.</span> 
     </span>
    </p>

    <p class='ocr_par' dir='ltr' id='par_1_5' title="bbox 369 1561 1938 1833">
     <span class='ocr_line' id='line_1_19' title="bbox 434 1561 1933 1617; baseline 0 -14"><span class='ocrx_word' id='word_1_148' title='bbox 434 1564 594 1604; x_wconf 74' lang='lat' dir='ltr'>Verum</span> <span class='ocrx_word' id='word_1_149' title='bbox 626 1576 729 1617; x_wconf 82' lang='lat' dir='ltr'>pars</span> <span class='ocrx_word' id='word_1_150' title='bbox 758 1562 1061 1617; x_wconf 86' lang='lat' dir='ltr'>predictorum</span> <span class='ocrx_word' id='word_1_151' title='bbox 1105 1561 1378 1609; x_wconf 71' lang='lat' dir='ltr'>feudalium,</span> <span class='ocrx_word' id='word_1_152' title='bbox 1419 1562 1635 1604; x_wconf 85' lang='lat' dir='ltr'>laudimia</span> <span class='ocrx_word' id='word_1_153' title='bbox 1671 1565 1715 1605; x_wconf 85' lang='lat' dir='ltr'>et</span> <span class='ocrx_word' id='word_1_154' title='bbox 1748 1561 1933 1611; x_wconf 80' lang='lat' dir='ltr'>usatica,</span> 
     </span>
     <span class='ocr_line' id='line_1_20' title="bbox 369 1633 1938 1689; baseline -0.001 -13"><span class='ocrx_word' id='word_1_155' title='bbox 369 1635 425 1676; x_wconf 83' lang='lat' dir='ltr'>ad</span> <span class='ocrx_word' id='word_1_156' title='bbox 452 1637 622 1689; x_wconf 74' lang='lat' dir='ltr'>purtem</span> <span class='ocrx_word' id='word_1_157' title='bbox 646 1647 774 1675; x_wconf 88' lang='lat' dir='ltr'>suam</span> <span class='ocrx_word' id='word_1_158' title='bbox 796 1633 1082 1688; x_wconf 76' lang='lat' dir='ltr'>pertinentia,</span> <span class='ocrx_word' id='word_1_159' title='bbox 1116 1633 1210 1675; x_wconf 84' lang='lat' dir='ltr'>sine</span> <span class='ocrx_word' id='word_1_160' title='bbox 1231 1646 1455 1674; x_wconf 84' lang='lat' dir='ltr'>consensu</span> <span class='ocrx_word' id='word_1_161' title='bbox 1476 1633 1648 1675; x_wconf 86' lang='lat' dir='ltr'>domini</span> <span class='ocrx_word' id='word_1_162' title='bbox 1674 1633 1872 1688; x_wconf 78' lang='lat' dir='ltr'>episcopi</span> <span class='ocrx_word' id='word_1_163' title='bbox 1894 1635 1938 1675; x_wconf 88' lang='lat' dir='ltr'>et</span> 
     </span>
     <span class='ocr_line' id='line_1_21' title="bbox 370 1704 1937 1765; baseline 0 -19"><span class='ocrx_word' id='word_1_164' title='bbox 370 1718 681 1747; x_wconf 78' lang='lat' dir='ltr'>suceessorum</span> <span class='ocrx_word' id='word_1_165' title='bbox 710 1718 896 1746; x_wconf 85' lang='lat' dir='ltr'>suorum</span> <span class='ocrx_word' id='word_1_166' title='bbox 931 1718 1020 1746; x_wconf 88' lang='lat' dir='ltr'>non</span> <span class='ocrx_word' id='word_1_167' title='bbox 1058 1707 1271 1760; x_wconf 78' lang='lat' dir='ltr'>poterunt</span> <span class='ocrx_word' id='word_1_168' title='bbox 1307 1704 1525 1765; x_wconf 80' lang='lat' dir='ltr'>alienare,</span> <span class='ocrx_word' id='word_1_169' title='bbox 1559 1705 1602 1746; x_wconf 91' lang='lat' dir='ltr'>iu</span> <span class='ocrx_word' id='word_1_170' title='bbox 1644 1705 1838 1747; x_wconf 86' lang='lat' dir='ltr'>solidum</span> <span class='ocrx_word' id='word_1_171' title='bbox 1866 1705 1937 1747; x_wconf 80' lang='lat' dir='ltr'>vel</span> 
     </span>
     <span class='ocr_line' id='line_1_22' title="bbox 374 1780 642 1833; baseline -0.004 -15"><span class='ocrx_word' id='word_1_172' title='bbox 374 1792 452 1833; x_wconf 74' lang='lat' dir='ltr'>per</span> <span class='ocrx_word' id='word_1_173' title='bbox 479 1780 642 1832; x_wconf 83' lang='lat' dir='ltr'>partes.</span> 
     </span>
    </p>

    <p class='ocr_par' dir='ltr' id='par_1_6' title="bbox 371 1848 1938 2403">
     <span class='ocr_line' id='line_1_23' title="bbox 430 1848 1933 1903; baseline -0.001 -13"><span class='ocrx_word' id='word_1_174' title='bbox 430 1849 587 1890; x_wconf 69' lang='lat' dir='ltr'>Adhuc</span> <span class='ocrx_word' id='word_1_175' title='bbox 624 1849 760 1890; x_wconf 85' lang='lat' dir='ltr'>etiam</span> <span class='ocrx_word' id='word_1_176' title='bbox 808 1849 853 1889; x_wconf 89' lang='lat' dir='ltr'>in</span> <span class='ocrx_word' id='word_1_177' title='bbox 900 1849 1018 1890; x_wconf 82' lang='lat' dir='ltr'>dicta</span> <span class='ocrx_word' id='word_1_178' title='bbox 1054 1849 1381 1903; x_wconf 75' lang='lat' dir='ltr'>compositione</span> <span class='ocrx_word' id='word_1_179' title='bbox 1424 1848 1505 1889; x_wconf 82' lang='lat' dir='ltr'>luit</span> <span class='ocrx_word' id='word_1_180' title='bbox 1538 1848 1933 1903; x_wconf 84' lang='lat' dir='ltr'>comprehensum,</span> 
     </span>
     <span class='ocr_line' id='line_1_24' title="bbox 371 1919 1936 1975; baseline 0 -15"><span class='ocrx_word' id='word_1_181' title='bbox 371 1921 488 1975; x_wconf 72' lang='lat' dir='ltr'>quod</span> <span class='ocrx_word' id='word_1_182' title='bbox 526 1920 649 1961; x_wconf 88' lang='lat' dir='ltr'>locus</span> <span class='ocrx_word' id='word_1_183' title='bbox 681 1920 774 1967; x_wconf 82' lang='lat' dir='ltr'>ille,</span> <span class='ocrx_word' id='word_1_184' title='bbox 808 1920 902 1962; x_wconf 78' lang='lat' dir='ltr'>sive</span> <span class='ocrx_word' id='word_1_185' title='bbox 932 1919 1220 1965; x_wconf 76' lang='lat' dir='ltr'>monticulus,</span> <span class='ocrx_word' id='word_1_186' title='bbox 1256 1919 1301 1961; x_wconf 93' lang='lat' dir='ltr'>in</span> <span class='ocrx_word' id='word_1_187' title='bbox 1324 1934 1413 1975; x_wconf 82' lang='lat' dir='ltr'>quo</span> <span class='ocrx_word' id='word_1_188' title='bbox 1447 1923 1563 1961; x_wconf 79' lang='lat' dir='ltr'>terra</span> <span class='ocrx_word' id='word_1_189' title='bbox 1596 1920 1651 1960; x_wconf 86' lang='lat' dir='ltr'>ad</span> <span class='ocrx_word' id='word_1_190' title='bbox 1683 1919 1936 1961; x_wconf 76' lang='lat' dir='ltr'>faciendum</span> 
     </span>
     <span class='ocr_line' id='line_1_25' title="bbox 372 1991 1937 2047; baseline 0.001 -16"><span class='ocrx_word' id='word_1_191' title='bbox 372 1992 483 2033; x_wconf 82' lang='lat' dir='ltr'>ollas</span> <span class='ocrx_word' id='word_1_192' title='bbox 506 1992 772 2039; x_wconf 70' lang='lat' dir='ltr'>extrahitur,</span> <span class='ocrx_word' id='word_1_193' title='bbox 796 1991 982 2047; x_wconf 84' lang='lat' dir='ltr'>predicti</span> <span class='ocrx_word' id='word_1_194' title='bbox 1002 1991 1205 2034; x_wconf 77' lang='lat' dir='ltr'>feudales</span> <span class='ocrx_word' id='word_1_195' title='bbox 1230 1994 1409 2033; x_wconf 85' lang='lat' dir='ltr'>teneant</span> <span class='ocrx_word' id='word_1_196' title='bbox 1424 1992 1480 2033; x_wconf 88' lang='lat' dir='ltr'>ad</span> <span class='ocrx_word' id='word_1_197' title='bbox 1503 1991 1688 2033; x_wconf 77' lang='lat' dir='ltr'>feudum</span> <span class='ocrx_word' id='word_1_198' title='bbox 1705 2004 1732 2032; x_wconf 82' lang='lat' dir='ltr'>a</span> <span class='ocrx_word' id='word_1_199' title='bbox 1752 1991 1937 2032; x_wconf 83' lang='lat' dir='ltr'>domino</span> 
     </span>
     <span class='ocr_line' id='line_1_26' title="bbox 372 2062 1937 2118; baseline 0 -13"><span class='ocrx_word' id='word_1_200' title='bbox 372 2064 584 2118; x_wconf 80' lang='lat' dir='ltr'>episcopo</span> <span class='ocrx_word' id='word_1_201' title='bbox 614 2067 656 2105; x_wconf 86' lang='lat' dir='ltr'>ct</span> <span class='ocrx_word' id='word_1_202' title='bbox 684 2063 1019 2105; x_wconf 85' lang='lat' dir='ltr'>successoribus</span> <span class='ocrx_word' id='word_1_203' title='bbox 1047 2063 1161 2107; x_wconf 83' lang='lat' dir='ltr'>suis.</span> <span class='ocrx_word' id='word_1_204' title='bbox 1192 2077 1218 2105; x_wconf 86' lang='lat' dir='ltr'>a</span> <span class='ocrx_word' id='word_1_205' title='bbox 1249 2063 1318 2105; x_wconf 77' lang='lat' dir='ltr'>via</span> <span class='ocrx_word' id='word_1_206' title='bbox 1351 2063 1531 2118; x_wconf 87' lang='lat' dir='ltr'>publica</span> <span class='ocrx_word' id='word_1_207' title='bbox 1564 2062 1765 2117; x_wconf 79' lang='lat' dir='ltr'>Melgorii</span> <span class='ocrx_word' id='word_1_208' title='bbox 1795 2075 1937 2118; x_wconf 84' lang='lat' dir='ltr'>usque</span> 
     </span>
     <span class='ocr_line' id='line_1_27' title="bbox 373 2134 1938 2191; baseline -0.001 -15"><span class='ocrx_word' id='word_1_209' title='bbox 373 2136 429 2176; x_wconf 80' lang='lat' dir='ltr'>ad</span> <span class='ocrx_word' id='word_1_210' title='bbox 462 2135 680 2191; x_wconf 57' lang='lat' dir='ltr'>‚liquem-s</span> <span class='ocrx_word' id='word_1_211' title='bbox 726 2135 930 2190; x_wconf 82' lang='lat' dir='ltr'>ejusdem</span> <span class='ocrx_word' id='word_1_212' title='bbox 967 2135 1219 2181; x_wconf 79' lang='lat' dir='ltr'>monticuli,</span> <span class='ocrx_word' id='word_1_213' title='bbox 1265 2135 1370 2176; x_wconf 66' lang='lat' dir='ltr'>siue⁴</span> <span class='ocrx_word' id='word_1_214' title='bbox 1399 2134 1551 2189; x_wconf 82' lang='lat' dir='ltr'>aliqua</span> <span class='ocrx_word' id='word_1_215' title='bbox 1586 2137 1713 2189; x_wconf 81' lang='lat' dir='ltr'>parte</span> <span class='ocrx_word' id='word_1_216' title='bbox 1753 2136 1796 2175; x_wconf 93' lang='lat' dir='ltr'>et</span> <span class='ocrx_word' id='word_1_217' title='bbox 1840 2147 1938 2188; x_wconf 84' lang='lat' dir='ltr'>per-</span> 
     </span>
     <span class='ocr_line' id='line_1_28' title="bbox 373 2204 1937 2261; baseline -0.001 -14"><span class='ocrx_word' id='word_1_218' title='bbox 373 2206 577 2261; x_wconf 81' lang='lat' dir='ltr'>ceptione</span> <span class='ocrx_word' id='word_1_219' title='bbox 608 2206 779 2248; x_wconf 85' lang='lat' dir='ltr'>domini</span> <span class='ocrx_word' id='word_1_220' title='bbox 808 2206 1006 2261; x_wconf 88' lang='lat' dir='ltr'>episcopi</span> <span class='ocrx_word' id='word_1_221' title='bbox 1032 2221 1039 2252; x_wconf 85' lang='grc'>;</span> <span class='ocrx_word' id='word_1_222' title='bbox 1083 2206 1141 2248; x_wconf 86' lang='lat' dir='ltr'>ita</span> <span class='ocrx_word' id='word_1_223' title='bbox 1187 2207 1308 2260; x_wconf 84' lang='lat' dir='ltr'>quod</span> <span class='ocrx_word' id='word_1_224' title='bbox 1346 2205 1520 2247; x_wconf 89' lang='lat' dir='ltr'>nullum</span> <span class='ocrx_word' id='word_1_225' title='bbox 1549 2205 1671 2246; x_wconf 81' lang='lat' dir='ltr'>uliud</span> <span class='ocrx_word' id='word_1_226' title='bbox 1698 2204 1937 2247; x_wconf 85' lang='lat' dir='ltr'>servicium</span> 
     </span>
     <span class='ocr_line' id='line_1_29' title="bbox 373 2276 1937 2332; baseline -0.001 -13"><span class='ocrx_word' id='word_1_227' title='bbox 373 2281 610 2319; x_wconf 74' lang='lat' dir='ltr'>teneantur</span> <span class='ocrx_word' id='word_1_228' title='bbox 640 2278 678 2319; x_wconf 89' lang='lat' dir='ltr'>ei</span> <span class='ocrx_word' id='word_1_229' title='bbox 714 2278 857 2319; x_wconf 84' lang='lat' dir='ltr'>facere</span> <span class='ocrx_word' id='word_1_230' title='bbox 888 2281 1038 2332; x_wconf 84' lang='lat' dir='ltr'>preter</span> <span class='ocrx_word' id='word_1_231' title='bbox 1068 2277 1330 2319; x_wconf 79' lang='lat' dir='ltr'>fidelitatem</span> <span class='ocrx_word' id='word_1_232' title='bbox 1360 2280 1402 2319; x_wconf 85' lang='lat' dir='ltr'>ct</span> <span class='ocrx_word' id='word_1_233' title='bbox 1431 2276 1781 2330; x_wconf 74' lang='lat' dir='ltr'>recognitionem</span> <span class='ocrx_word' id='word_1_234' title='bbox 1817 2276 1937 2318; x_wconf 79' lang='lat' dir='ltr'>feudi</span> 
     </span>
     <span class='ocr_line' id='line_1_30' title="bbox 372 2349 886 2403; baseline -0.002 -13"><span class='ocrx_word' id='word_1_235' title='bbox 372 2352 415 2391; x_wconf 91' lang='lat' dir='ltr'>et</span> <span class='ocrx_word' id='word_1_236' title='bbox 443 2349 612 2391; x_wconf 80' lang='lat' dir='ltr'>(lictum</span> <span class='ocrx_word' id='word_1_237' title='bbox 635 2350 886 2403; x_wconf 81' lang='lat' dir='ltr'>albergum.</span> 
     </span>
    </p>

    <p class='ocr_par' dir='ltr' id='par_1_7' title="bbox 375 2418 1937 2761">
     <span class='ocr_line' id='line_1_31' title="bbox 434 2418 1937 2475; baseline -0.001 -13"><span class='ocrx_word' id='word_1_238' title='bbox 434 2422 573 2462; x_wconf 79' lang='lat' dir='ltr'>l‘atua</span> <span class='ocrx_word' id='word_1_239' title='bbox 608 2435 712 2462; x_wconf 81' lang='lat' dir='ltr'>vero</span> <span class='ocrx_word' id='word_1_240' title='bbox 747 2421 1037 2463; x_wconf 86' lang='lat' dir='ltr'>determinari</span> <span class='ocrx_word' id='word_1_241' title='bbox 1071 2421 1238 2461; x_wconf 82' lang='lat' dir='ltr'>debent</span> <span class='ocrx_word' id='word_1_242' title='bbox 1270 2434 1297 2462; x_wconf 84' lang='lat' dir='ltr'>a</span> <span class='ocrx_word' id='word_1_243' title='bbox 1323 2420 1441 2461; x_wconf 83' lang='lat' dir='ltr'>dicto</span> <span class='ocrx_word' id='word_1_244' title='bbox 1473 2419 1621 2475; x_wconf 78' lang='lat' dir='ltr'>judice</span> <span class='ocrx_word' id='word_1_245' title='bbox 1655 2420 1709 2461; x_wconf 91' lang='lat' dir='ltr'>de</span> <span class='ocrx_word' id='word_1_246' title='bbox 1742 2418 1937 2474; x_wconf 86' lang='lat' dir='ltr'>partium</span> 
     </span>
     <span class='ocr_line' id='line_1_32' title="bbox 377 2490 1932 2539; baseline -0.001 -6"><span class='ocrx_word' id='word_1_247' title='bbox 377 2493 621 2539; x_wconf 75' lang='lat' dir='ltr'>voluntale,</span> <span class='ocrx_word' id='word_1_248' title='bbox 654 2495 700 2533; x_wconf 91' lang='lat' dir='ltr'>ut</span> <span class='ocrx_word' id='word_1_249' title='bbox 728 2492 771 2533; x_wconf 88' lang='lat' dir='ltr'>in</span> <span class='ocrx_word' id='word_1_250' title='bbox 804 2492 1016 2533; x_wconf 88' lang='lat' dir='ltr'>omuibus</span> <span class='ocrx_word' id='word_1_251' title='bbox 1050 2492 1148 2533; x_wconf 81' lang='lat' dir='ltr'>aliis</span> <span class='ocrx_word' id='word_1_252' title='bbox 1178 2491 1424 2533; x_wconf 80' lang='lat' dir='ltr'>honoribus</span> <span class='ocrx_word' id='word_1_253' title='bbox 1452 2492 1507 2533; x_wconf 90' lang='lat' dir='ltr'>de</span> <span class='ocrx_word' id='word_1_254' title='bbox 1536 2490 1932 2537; x_wconf 62' lang='lat' dir='ltr'>Montearhedonce,</span> 
     </span>
     <span class='ocr_line' id='line_1_33' title="bbox 375 2561 1932 2609; baseline -0.001 -5"><span class='ocrx_word' id='word_1_255' title='bbox 375 2564 539 2605; x_wconf 74' lang='lat' dir='ltr'>scilicet</span> <span class='ocrx_word' id='word_1_256' title='bbox 562 2564 753 2605; x_wconf 87' lang='lat' dir='ltr'>militum</span> <span class='ocrx_word' id='word_1_257' title='bbox 789 2567 834 2605; x_wconf 89' lang='lat' dir='ltr'>et</span> <span class='ocrx_word' id='word_1_258' title='bbox 868 2563 1128 2609; x_wconf 73' lang='lat' dir='ltr'>feudalium,</span> <span class='ocrx_word' id='word_1_259' title='bbox 1164 2566 1207 2605; x_wconf 87' lang='lat' dir='ltr'>et</span> <span class='ocrx_word' id='word_1_260' title='bbox 1233 2563 1438 2604; x_wconf 86' lang='lat' dir='ltr'>omnium</span> <span class='ocrx_word' id='word_1_261' title='bbox 1466 2562 1657 2604; x_wconf 88' lang='lat' dir='ltr'>aliorum</span> <span class='ocrx_word' id='word_1_262' title='bbox 1680 2561 1932 2608; x_wconf 82' lang='lat' dir='ltr'>bominum,</span> 
     </span>
     <span class='ocr_line' id='line_1_34' title="bbox 376 2632 1934 2690; baseline -0.001 -14"><span class='ocrx_word' id='word_1_263' title='bbox 376 2636 560 2676; x_wconf 75' lang='lat' dir='ltr'>‹lomim›</span> <span class='ocrx_word' id='word_1_264' title='bbox 595 2635 805 2690; x_wconf 85' lang='lat' dir='ltr'>episcopo</span> <span class='ocrx_word' id='word_1_265' title='bbox 840 2638 883 2676; x_wconf 90' lang='lat' dir='ltr'>et</span> <span class='ocrx_word' id='word_1_266' title='bbox 922 2635 1014 2676; x_wconf 89' lang='lat' dir='ltr'>suis</span> <span class='ocrx_word' id='word_1_267' title='bbox 1052 2634 1387 2676; x_wconf 83' lang='lat' dir='ltr'>successoribus</span> <span class='ocrx_word' id='word_1_268' title='bbox 1424 2634 1495 2689; x_wconf 81' lang='lat' dir='ltr'>jus</span> <span class='ocrx_word' id='word_1_269' title='bbox 1539 2646 1671 2674; x_wconf 89' lang='lat' dir='ltr'>suum</span> <span class='ocrx_word' id='word_1_270' title='bbox 1712 2632 1934 2687; x_wconf 83' lang='lat' dir='ltr'>integrum</span> 
     </span>
     <span class='ocr_line' id='line_1_35' title="bbox 379 2704 1727 2761; baseline -0.002 -14"><span class='ocrx_word' id='word_1_271' title='bbox 379 2710 607 2748; x_wconf 80' lang='lat' dir='ltr'>reumneat</span> <span class='ocrx_word' id='word_1_272' title='bbox 632 2709 768 2761; x_wconf 86' lang='lat' dir='ltr'>atque</span> <span class='ocrx_word' id='word_1_273' title='bbox 796 2706 989 2753; x_wconf 78' lang='lat' dir='ltr'>salvum,</span> <span class='ocrx_word' id='word_1_274' title='bbox 1022 2709 1066 2747; x_wconf 91' lang='lat' dir='ltr'>et</span> <span class='ocrx_word' id='word_1_275' title='bbox 1088 2706 1196 2760; x_wconf 80' lang='lat' dir='ltr'>ipsis</span> <span class='ocrx_word' id='word_1_276' title='bbox 1226 2705 1479 2747; x_wconf 71' lang='lat' dir='ltr'>feudalibus</span> <span class='ocrx_word' id='word_1_277' title='bbox 1508 2704 1727 2746; x_wconf 89' lang='lat' dir='ltr'>similiter.</span> 
     </span>
    </p>

    <p class='ocr_par' dir='ltr' id='par_1_8' title="bbox 370 2775 1939 2904">
     <span class='ocr_line' id='line_1_36' title="bbox 436 2775 1939 2819; baseline -0.001 -1"><span class='ocrx_word' id='word_1_278' title='bbox 436 2779 545 2819; x_wconf 60' lang='lat' dir='ltr'>Arta</span> <span class='ocrx_word' id='word_1_279' title='bbox 575 2780 679 2818; x_wconf 82' lang='lat' dir='ltr'>sunt</span> <span class='ocrx_word' id='word_1_280' title='bbox 709 2778 790 2818; x_wconf 88' lang='lat' dir='ltr'>hec</span> <span class='ocrx_word' id='word_1_281' title='bbox 826 2790 945 2819; x_wconf 85' lang='lat' dir='ltr'>auno</span> <span class='ocrx_word' id='word_1_282' title='bbox 973 2777 1204 2818; x_wconf 85' lang='lat' dir='ltr'>Dominiee</span> <span class='ocrx_word' id='word_1_283' title='bbox 1235 2776 1556 2818; x_wconf 77' lang='lat' dir='ltr'>incarnationis</span> <span class='ocrx_word' id='word_1_284' title='bbox 1586 2775 1826 2817; x_wconf 86' lang='lat' dir='ltr'>millesimo</span> <span class='ocrx_word' id='word_1_285' title='bbox 1858 2776 1939 2817; x_wconf 91' lang='lat' dir='ltr'>du—</span> 
     </span>
     <span class='ocr_line' id='line_1_37' title="bbox 370 2847 1638 2904; baseline -0.002 -14"><span class='ocrx_word' id='word_1_286' title='bbox 370 2849 613 2890; x_wconf 74' lang='lat' dir='ltr'>centesimo</span> <span class='ocrx_word' id='word_1_287' title='bbox 644 2849 858 2890; x_wconf 81' lang='lat' dir='ltr'>vicesimo</span> <span class='ocrx_word' id='word_1_288' title='bbox 886 2848 1060 2904; x_wconf 83' lang='lat' dir='ltr'>quinto,</span> <span class='ocrx_word' id='word_1_289' title='bbox 1093 2851 1253 2903; x_wconf 79' lang='lat' dir='ltr'>quarto</span> <span class='ocrx_word' id='word_1_290' title='bbox 1283 2847 1383 2889; x_wconf 89' lang='lat' dir='ltr'>idus</span> <span class='ocrx_word' id='word_1_291' title='bbox 1407 2847 1638 2889; x_wconf 73' lang='lat' dir='ltr'>februarii.</span> 
     </span>
    </p>

    <p class='ocr_par' dir='ltr' id='par_1_9' title="bbox 428 2917 1937 2975">
     <span class='ocr_line' id='line_1_38' title="bbox 428 2917 1937 2975; baseline -0.001 -13"><span class='ocrx_word' id='word_1_292' title='bbox 428 2920 581 2963; x_wconf 82' lang='lat' dir='ltr'>Testes</span> <span class='ocrx_word' id='word_1_293' title='bbox 617 2922 721 2962; x_wconf 83' lang='lat' dir='ltr'>suut</span> <span class='ocrx_word' id='word_1_294' title='bbox 753 2920 882 2975; x_wconf 82' lang='lat' dir='ltr'>Hugo</span> <span class='ocrx_word' id='word_1_295' title='bbox 912 2919 1260 2975; x_wconf 81' lang='lat' dir='ltr'>archipresbiter</span> <span class='ocrx_word' id='word_1_296' title='bbox 1290 2917 1639 2975; x_wconf 83' lang='lat' dir='ltr'>Magalonensis,</span> <span class='ocrx_word' id='word_1_297' title='bbox 1677 2918 1937 2974; x_wconf 79' lang='lat' dir='ltr'>Stephanus</span> 
     </span>
    </p>
   </div>
  </div>
 </body>
</html>
