2070 3486
1039 322 1090 325 —
1128 293 1214 338 258
1250 321 1302 325 —

386 390 555 433 (fiarent
583 405 718 445 super
746 390 1003 445 principali;
1036 390 1070 431 si
1101 404 1207 432 vero
1236 390 1466 445 injustam,
1498 390 1554 430 ad
1584 389 1754 444 priores
1781 389 1961 446 judices

390 462 614 503 remittere
639 464 946 516 procurarent.
1520 456 1523 458 ’

449 535 491 574 κῖΙ
518 547 620 574 rum
649 533 860 574 dominus
888 533 1126 588 episcopus
1154 531 1486 588 Magaloncnsis
1508 534 1550 573 et
1578 531 1790 574 dominus
1811 532 1952 575 abbas

390 604 657 646 ⁴&nianensis
685 618 836 646 coram
867 604 1092 659 judicibus
1125 604 1240 645 dicte
1274 602 1597 658 appellacionis
1634 615 1679 644 se
1721 617 1952 658 represen-

387 678 570 723 tassent,
597 690 652 717 ex
681 676 911 717 communi
933 689 1155 718 consensu
1180 678 1369 729 utraque
1392 688 1495 729 pars
1514 674 1839 728 compromisit,
1866 675 1950 718 sub

387 761 500 803 pena
537 747 865 802 quinquaginta
896 747 1134 793 librarum,
1170 747 1213 788 in
1246 746 1468 801 predictos
1498 746 1591 793 W„
1627 745 1824 800 priorem
1846 747 1951 788 Tor-

386 819 501 865 nari,
537 821 581 860 et
611 819 910 867 sewardum,
944 818 1309 860 archidiaconum
1340 818 1718 865 Nemausensem‚
1759 818 1844 859 sub
1873 817 1951 860 tali

385 889 547 932 forma.
585 891 705 945 quod
747 889 892 944 primo
935 892 1257 944 cognoscerent
1295 890 1349 929 de
1389 888 1507 930 dieta
1545 887 1869 943 appellatione,
1906 891 1951 932 et

381 964 538 1016 postea
569 961 623 1002 de
654 974 789 1002 causa
819 963 911 1003 tota
944 960 1200 1016 principali.
1239 963 1283 1002 et
1315 974 1414 1001 eam
1446 959 1533 1001 fine
1556 959 1708 1001 debito
1738 960 1950 1002 termina-

383 1034 509 1079 rent;
542 1032 597 1073 de
625 1045 714 1087 quo
745 1031 1076 1087 compromisso
1101 1031 1182 1073 fuit
1204 1031 1557 1073 instrumentum
1588 1030 1842 1074 confectum
1868 1045 1949 1087 per

385 1103 563 1145 Petrum
587 1102 819 1150 Gontardi‚
845 1102 1076 1158 publicum
1101 1102 1499 1158 Montispessulani
1522 1101 1764 1144 notarium.

437 1174 519 1224 Qui
555 1174 734 1220 arbitri,
775 1188 909 1216 causa
944 1173 1181 1229 diligenter
1220 1173 1493 1220 examinata,
1536 1173 1886 1229 appellationem
1920 1187 1948 1217 a

378 1245 496 1288 dicto
533 1246 697 1288 abbate
738 1245 1051 1300 interpositam
1090 1245 1303 1300 injustam
1341 1258 1439 1287 esse
1476 1244 1863 1300 pronunciarunt;
1903 1248 1948 1288 et

378 1318 708 1373 subsequenter
747 1330 882 1372 snper
923 1317 1157 1372 principali
1204 1318 1646 1372 prommciaverunt,
1696 1320 1740 1359 et
1783 1330 1947 1372 cogno—

379 1391 541 1430 verunt
577 1402 665 1443 quc
693 1402 844 1430 coram
884 1388 1043 1443 primis
1070 1388 1295 1443 judicibus
1329 1387 1546 1443 delegatis
1582 1387 1766 1430 actitata
1801 1387 1942 1437 fuere,

379 1473 435 1501 ex
462 1473 688 1501 consensu
713 1459 911 1515 partium
938 1473 1019 1514 pro
1040 1459 1352 1502 constantibus
1375 1459 1563 1501 habitis:

435 1603 598 1644 Coram
634 1602 800 1657 quibus
827 1601 1007 1644 arbitris
1036 1602 1312 1649 memoratis,
1344 1601 1557 1644 <lominus
1585 1601 1824 1657 episcopus
1843 1615 1943 1657 pre-

375 1672 520 1714 dictus
554 1673 790 1728 proposuit
826 1673 1077 1728 predictum
1112 1673 1322 1715 abbatem
1359 1674 1523 1715 debere
1553 1673 1763 1728 compelli
1790 1673 1942 1716 venire

373 1745 428 1785 ad
453 1746 680 1800 synodum
712 1744 910 1800 episcopi
938 1744 1272 1799 Magalonensis
1295 1759 1302 1793 ;
1338 1746 1458 1800 quod
1488 1744 1854 1800 irrefragabiliter
1873 1757 1943 1787 ar·
2005 1757 2009 1761 ’

371 1829 507 1870 guere
524 1817 847 1858 contendebat:
873 1816 917 1858 in
936 1816 1095 1872 primis
1117 1830 1169 1859 ea
1191 1816 1379 1864 ratione,
1405 1816 1512 1872 quia
1526 1816 1696 1858 dictum
1714 1819 1944 1859 monaste-

372 1887 487 1928 rium
517 1890 560 1929 et
593 1888 805 1930 abbatem
847 1887 990 1943 ipsius
1027 1888 1289 1930 monasterii
1322 1889 1559 1930 constabat
1597 1887 1734 1930 situm
1769 1901 1868 1930 esse
1893 1887 1941 1930 in

371 1958 638 2013 episcopatu
673 1959 1000 2013 Magalonensi,
1032 1962 1076 2001 et
1103 1959 1188 2001 sibi
1217 1960 1403 2001 subesse
1433 1962 1528 2001 tum
1556 1959 1653 2014 lege
1679 1959 1935 2008 diocesanei,

372 2032 466 2071 tum
502 2030 597 2084 lege
629 2030 981 2085 jurisdictionis&
1022 2032 1140 2073 unde
1168 2032 1223 2073 de
1252 2031 1347 2086 jure
1377 2030 1608 2073 communi
1636 2032 1940 2073 memoratum

371 2101 584 2143 abbatem
607 2102 663 2143 ad
691 2102 1055 2157 Magalonensem
1088 2104 1313 2159 synodum
1338 2103 1492 2145 venire
1519 2103 1683 2145 debere
1705 2103 1942 2145 constabat

372 2172 620 2215 evidenter.
1366 2183 1369 2186 '

433 2245 596 2286 Verum
632 2259 653 2286 e
686 2245 910 2287 contrario
939 2246 1084 2288 dictus
1111 2245 1324 2288 dominus
1351 2246 1493 2288 abbas
1520 2247 1753 2288 asserebat
1779 2259 1826 2288 se
1847 2258 1939 2288 non

370 2316 508 2357 teneri
534 2316 686 2358 venire
712 2317 768 2359 ad
791 2318 1017 2373 synodum
1054 2317 1385 2371 Magalonensis
1415 2317 1629 2373 episcopi,
1661 2318 1938 2360 contendens

369 2402 414 2428 se
449 2390 489 2428 ct
521 2388 770 2442 quemlibet
803 2389 1014 2430 abbatem
1046 2389 1367 2433 Anianensem,
1399 2403 1456 2431 ex
1488 2389 1670 2444 speciali
1699 2388 1935 2445 privilegio

367 2459 543 2499 Summi
576 2459 803 2501 l'ontificis
829 2460 1022 2502 l‘ascalis
1042 2461 1241 2508 secundi,
1269 2461 1312 2502 in
1342 2461 1423 2502 liae
1444 2463 1571 2516 parte
1598 2460 1936 2503 immunitatem

368 2530 548 2572 habere.
591 2531 654 2572 Ad
694 2532 811 2586 quod
857 2532 1167 2586 probandum.
1208 2532 1423 2587 produxit
1461 2532 1709 2587 quamdam
1745 2534 1930 2580 cartam,

367 2615 503 2656 quam
536 2603 725 2643 vorabat
762 2601 1088 2659 l’rivile'qimn,
1127 2603 1221 2645 sive
1257 2602 1603 2661 lmleclqem·iam
1629 2603 1735 2646 dicti
1762 2602 1935 2646 domini

369 2673 487 2727 Pape
513 2688 520 2719 ;
553 2673 595 2713 in
625 2688 714 2728 qua
744 2673 1061 2716 continebatur
1087 2675 1167 2716 her.
1199 2675 1427 2717 clausula:
1459 2675 1550 2717 Nee
1568 2689 1651 2730 pro
1669 2673 1933 2732 parrochia-

369 2758 468 2785 mm
504 2744 754 2786 interdictis
789 2745 1127 2802 epi-wopale'bzcs·
1160 2745 1381 2788 cellarum
1423 2753 1672 2789 vestrarum
1704 2745 1927 2795 monachi,

366 2815 457 2856 nisi
490 2830 628 2873 super
662 2816 878 2874 episcopi,
914 2816 985 2858 vel
1017 2816 1193 2859 abbatis
1225 2832 1418 2874 stomoma
1455 2832 1594 2860 eausa
1622 2817 1784 2874 suerit,
1818 2816 1936 2859 inhi-

366 2885 543 2935 bemur,
577 2886 747 2930 elaios-is
778 2888 968 2943 januis,
1007 2904 1094 2930 non
1133 2889 1350 2931 admissis
1387 2889 1732 2946 parrochianis,
1777 2887 1933 2931 divina

361 2957 546 3000 silenter
579 2959 727 3015 officia
757 2958 1007 3002 celebrare:
1039 2960 1249 3017 ipsarum
1279 2961 1415 3003 etiam
1441 2960 1793 3018 parroelziarum
1820 2960 1938 3020 epis·
1973 3005 1976 3008 Δ
