2070 3486
1034 212 1268 255 —88—

364 310 664 368 possessionis
686 310 890 351 omnium
914 308 1218 364 predictorum
1249 310 1292 349 et
1313 307 1597 362 singulorum
1623 307 1666 348 in
1691 321 1770 349 vos
1795 311 1934 350 trans-

369 384 481 424 l'cro.
514 385 557 423 et
595 381 775 436 propria
802 380 1067 422 auctoritate
1104 382 1254 421 vestra
1281 379 1425 433 ipsam
1462 392 1541 419 vos
1570 378 1757 433 adipisci
1793 379 1930 428 v0l0;

368 457 411 495 vt
450 454 551 494 inde
594 465 663 493 me
704 452 1039 500 disvestiendo,
1083 465 1162 492 vos
1203 450 1422 493 investio,
1470 453 1643 501 retento
1698 453 1846 493 tamen
1888 451 1933 493 in

369 524 580 565 omnibus
610 522 844 578 predictis,
877 522 1078 564 dominio
1119 525 1163 563 01
1194 521 1381 563 consilio
1417 524 1456 561 01
1494 521 1725 568 landimio,
1776 524 1819 563 et
1851 535 1932 577 pro

367 594 538 636 usatico
569 596 743 636 tantum
767 595 900 635 modo
932 596 1106 648 septem
1128 592 1325 635 denariis
1347 595 1391 634 ct
1417 592 1550 634 obolo
1583 592 1625 633 in
1660 606 1933 648 unoquoque

364 680 505 713 anno,
540 666 583 707 in
612 665 724 707 festo
753 665 894 707 sancti
925 664 1175 711 Michaelis,
1211 663 1343 705 michi
1373 667 1417 705 et
1437 663 1774 705 successoribus
1800 664 1925 706 meis.

423 737 475 779 Et
515 737 605 791 Ego
641 735 909 778 Guillclmus
946 736 1000 777 de
1039 734 1246 785 Conchis,
1292 748 1369 789 pro
1413 734 1683 789 supradictis
1717 748 1744 776 a
1784 735 1927 782 vobis,

362 807 546 850 domino
588 807 828 849 Guillelmo
855 807 909 848 dc
945 806 1183 849 Altiniaco,
1230 806 1537 859 Magalonensi
1573 805 1800 861 episcopo,
1833 806 1931 861 jure

364 878 709 935 permutationis
743 881 786 919 et
813 878 1025 920 escambii
1058 877 1191 919 michi
1229 877 1453 919 concessis
1481 879 1523 918 01
1556 877 1726 918 dalis...
1753 877 1926 919 dono...

364 951 493 992 vobis
526 949 782 997 Guillelmo,
823 949 1132 1003 Magalonensi
1170 948 1397 1003 episcopo,
1436 951 1477 989 01
1518 948 1730 989 omnibus
1758 962 1932 991 succes-

363 1022 540 1064 soribus
558 1021 734 1069 vestris,
760 1022 816 1062 ad
834 1020 1062 1062 faciendas
1084 1019 1283 1075 plenarie
1305 1033 1464 1061 01111105
1482 1019 1737 1061 voluntates
1756 1022 1931 1062 vestras

363 1093 458 1135 sine
497 1092 649 1147 aliqua
677 1092 946 1139 retencione,
992 1091 1195 1134 videlicet
1229 1094 1369 1132 totam
1406 1091 1721 1133 duodecimam
1756 1093 1929 1146 partem

361 1163 706 1214 dominacionis,
729 1166 773 1205 et
793 1163 1013 1211 laudimii,
1040 1165 1083 1204 01
1104 1162 1292 1209 consilii,
1318 1165 1361 1204 et
1382 1176 1461 1203 sex
1482 1162 1651 1204 solidos
1673 1165 1717 1205 et
1737 1165 1932 1218 quatuor

359 1235 568 1278 denarios
595 1234 844 1282 censuales,
877 1237 920 1276 et
940 1247 1074 1276 omne
1102 1233 1222 1275 alind
1250 1233 1337 1288 jus,
1366 1234 1685 1289 ‹pimlcinmpie
1713 1234 1931 1289 0111111110-

358 1319 552 1362 cumque
577 1307 732 1347 Petrus
760 1306 815 1347 de
836 1305 1041 1358 Conchis,
1068 1308 1196 1360 pater
1230 1318 1373 1353 meus,
1410 1305 1569 1347 habuit
1596 1308 1639 1347 01
1666 1305 1866 1361 percepit
1884 1305 1930 1348 in

361 1381 454 1421 tota
473 1377 549 1419 illa
564 1380 769 1419 tcnctura
790 1378 1031 1419 domorum
1047 1379 1092 1419 01
1109 1377 1300 1419 aliorum
1322 1377 1563 1423 honorum,
1588 1377 1702 1419 sicut
1722 1376 1929 1419 confron-

360 1452 513 1492 tantur
534 1463 591 1491 ex
612 1462 703 1490 una
730 1451 858 1503 parte
892 1461 994 1490 cum
1026 1448 1219 1490 carreria
1247 1451 1366 1490 recta
1392 1449 1447 1490 de
1476 1448 1690 1496 Flocaria,
1722 1462 1812 1504 qua
1840 1449 1930 1491 itur
1960 1491 1965 1495 ,

361 1522 415 1562 de
438 1520 668 1574 Agullaria
690 1519 830 1561 veteri
851 1521 905 1561 ad
937 1519 1171 1561 ecclesiam
1202 1520 1363 1561 Sancte
1390 1519 1527 1567 Fidis,
1554 1523 1597 1561 ct
1617 1533 1674 1561 ex
1695 1519 1782 1561 alia
1803 1523 1928 1575 parte

360 1606 460 1634 011111
493 1592 564 1633 via
591 1605 680 1647 qua
710 1591 800 1632 itur
826 1592 880 1633 de
908 1592 1044 1633 domo
1066 1592 1297 1646 quondam
1318 1591 1485 1632 Nicolai
1514 1592 1568 1632 de
1591 1591 1730 1633 Mecio
1752 1592 1809 1633 ad
1828 1605 1930 1646 por-

360 1664 445 1705 tale
477 1662 939 1717 Montispessulaneti,
978 1665 1023 1704 et
1054 1676 1111 1704 ex
1137 1662 1225 1704 alia.
1254 1665 1378 1717 parte
1410 1676 1512 1704 cum
1539 1663 1613 1704 via
1639 1676 1729 1717 qua
1755 1663 1846 1705 itnr
1870 1664 1927 1706 ab

357 1736 517 1777 eodem
546 1734 704 1789 portali
734 1735 789 1776 ad
819 1734 1051 1776 ecclesiam
1087 1735 1249 1776 Sancte
1274 1734 1403 1776 Fidis
1429 1750 1436 1788 ;
1476 1737 1519 1776 01
1550 1737 1690 1777 tolum
1712 1735 1784 1790 jus
1805 1736 1926 1790 quod

355 1806 399 1847 111
435 1805 703 1851 honoribus,
734 1804 855 1847 infra
882 1805 1105 1860 predictas
1137 1805 1527 1848 confrontaciones
1555 1806 1793 1858 contentis,
1829 1820 1928 1862 pre-

356 1878 501 1919 dictus
524 1879 651 1932 pater
678 1890 806 1918 meus
835 1879 880 1918 et
900 1880 1080 1931 egomet
1103 1877 1172 1918 vel
1200 1877 1463 1925 habuimus,
1487 1877 1557 1919 vel
1580 1878 1746 1920 habere
1768 1891 1927 1934 possu-

356 1962 473 1991 mus.
507 1962 586 1990 seu
607 1949 842 2000 debemus,
874 1949 1057 1990 1101111110
1086 1948 1307 1996 laudiinii,
1339 1949 1528 1996 consilii,
1555 1949 1759 1997 dominii,
1783 1949 1926 1992 domi-

356 2020 571 2071 nacionis,
597 2033 773 2068 census,
813 2019 982 2068 usatici,
1016 2019 1089 2062 vel
1122 2019 1306 2062 alterius
1337 2020 1578 2076 cujuslibet
1604 2021 1667 2062 rei
1700 2021 1772 2064 vel
1793 2034 1926 2064 cause

356 2091 757 2146 contemplacione,
784 2105 871 2147 que
892 2091 978 2133 dici
1000 2091 1072 2133 vel
1094 2091 1338 2147 excogitari
1362 2092 1521 2147 possit,
1550 2092 1680 2135 vobis
1701 2096 1745 2135 et
1764 2093 1926 2135 vestris

356 2163 711 2212 successoribus,
740 2162 870 2205 titulo
902 2164 1255 2218 permutacionis
1283 2177 1363 2206 5011
1397 2164 1627 2211 escambii,
1659 2178 1740 2219 pro
1769 2178 1926 2220 supra-

355 2233 520 2289 scripto
550 2234 798 2281 escambio,
837 2247 863 2276 a
890 2234 1021 2276 vobis
1055 2234 1191 2276 michi
1219 2248 1447 2285 concesse,
1485 2236 1604 2277 dono
1632 2239 1676 2278 et
1701 2235 1924 2292 imperpe-

354 2309 503 2354 tuum,
530 2306 626 2347 sine
653 2307 806 2362 aliqua
832 2306 1162 2351 retractatione,
1194 2307 1406 2359 concedo,
1433 2310 1477 2349 01
1504 2307 1547 2348 111
1578 2321 1661 2349 vos
1688 2310 1732 2349 et
1749 2310 1924 2350 vestros

352 2390 633 2419 successores
650 2377 745 2419 sine
766 2377 918 2432 aliqua
934 2377 1191 2420 retencione
1210 2378 1447 2429 transfero,
1470 2379 1599 2434 etjns
1622 2379 1924 2434 possessionis

352 2448 423 2489 vel
451 2449 581 2503 quasi
602 2448 1237 2504 possessionis'predictorum
1263 2449 1468 2491 omnium
1504 2453 1548 2491 et
1569 2450 1850 2506 singulorum
1878 2450 1923 2492 in

352 2533 434 2561 vos
455 2520 692 2567 transfero,
725 2523 769 2562 01
788 2520 971 2575 propria
991 2520 1257 2562 auctoritate
1281 2524 1432 2563 vestra
1459 2521 1603 2576 ipsam
1631 2535 1713 2563 vos
1735 2521 1923 2577 adipisci

355 2590 466 2642 volo,
497 2594 540 2633 01
567 2591 670 2633 inde
693 2605 773 2634 vos
801 2592 1086 2633 investiendo
1111 2605 1181 2633 me
1204 2592 1441 2634 disvestio.

410 2662 463 2703 Et
494 2676 573 2704 nos
605 2662 898 2711 Guillelmus,
930 2663 1009 2705 Dei
1036 2663 1180 2718 gratia
1214 2664 1549 2718 Magalonensis
1589 2664 1844 2720 episcopus,
1881 2668 1926 2707 01

348 2733 614 2775 Guillelmus
642 2735 696 2776 de
724 2735 930 2783 Gonchis,
961 2734 1116 2777 omnia
1137 2735 1337 2789 predicta
1366 2738 1410 2777 01
1438 2736 1616 2791 singula
1642 2736 1700 2778 ad
1728 2736 1923 2778 invicem

343 2804 580 2847 laudantes
608 2808 651 2847 01
677 2805 1017 2856 confirmantes,
1048 2808 1091 2847 et
1123 2819 1203 2847 nos
1231 2810 1274 2848 01
1304 2809 1457 2849 nostra
1483 2806 1587 2849 inde
1611 2808 1666 2849 de
1696 2806 1921 2849 evictione

344 2876 401 2916 ad
428 2875 623 2918 invicem
651 2876 917 2931 obligantes,
950 2877 1257 2932 promittimus
1286 2881 1329 2920 01
1350 2878 1652 2920 convenimus
1674 2891 1754 2934 per
1776 2878 1942 2934 stipu-'
