2070 3486
769 292 1027 334 —287—

118 389 225 431 tros,
255 386 374 440 quod
399 399 557 427 onmes
584 389 621 427 et
656 386 816 437 singuli
849 387 1123 429 tiabital‹›r‹1·s
1151 388 1254 429 dicti
1287 388 1435 431 castri.
1465 392 1552 430 tam
1582 403 1677 443 pre-

116 460 266 498 sentes
293 470 430 512 quam
463 456 595 502 futuri
615 491 623 501 ,
661 457 737 511 qui
769 461 918 511 pastas
950 472 1054 499 suas
1083 460 1359 513 decoquent,
1394 460 1460 500 vei
1490 460 1676 514 decoqui

117 527 278 570 facient
316 528 360 568 in
389 527 519 569 furno
553 527 788 582 prelibato.
822 530 1060 569 teneantur
1085 531 1142 570 ab
1176 531 1256 571 hac
1277 530 1347 571 «lie
1371 531 1412 571 in
1440 534 1571 572 antea
1605 532 1679 571 de—

115 612 307 654 coquere
347 598 390 639 in
431 598 560 639 furno
594 600 774 642 eodem.
812 601 852 640 et
893 601 1011 653 quod
1049 614 1180 641 nemo
1209 601 1512 643 liabitancium
1546 604 1677 644 rastri

119 669 380 716 memorati,
419 669 694 724 presentium
730 669 796 710 vel
834 669 1103 712 futurorum.
1138 672 1359 726 decoquat
1386 672 1454 714 vet
1490 673 1677 728 decoqui

120 740 253 783 faciat
286 743 439 796 pastas
480 754 585 782 suas
620 744 746 782 extra
781 740 948 781 dictum
987 745 1210 784 castrum:
1248 745 1286 783 el
1318 744 1437 797 quod
1472 744 1675 798 quilibet.

119 814 273 868 pastas
292 825 397 854 suas
421 811 461 853 in
485 812 712 867 sepedicto
736 811 866 853 furno
885 812 1156 867 decoquens.
1184 828 1260 854 seu
1284 814 1469 869 decoqui
1495 814 1677 863 faciens,

118 883 192 926 det
236 883 552 926 tantummodo
595 883 815 925 decimam
857 886 1060 924 octavam
1106 887 1307 938 partem.
1351 886 1521 940 absque
1558 887 1680 927 omni

119 953 275 996 fraude
303 957 348 996 et
374 954 493 1001 dolo,
528 954 664 996 totius
688 957 813 1009 paste
842 968 928 1009 que
964 955 1238 1009 decoquetur
1271 970 1293 997 a
1328 958 1461 997 modo
1485 957 1527 997 in
1551 956 1680 999 furno

118 1025 365 1081 prelibato,
398 1025 466 1067 vel
502 1025 793 1068 vicesimam:
831 1026 939 1067 duni
971 1028 1120 1069 tamen
1150 1026 1232 1081 ipsi
1255 1028 1572 1082 decoquentes,
1610 1029 1679 1069 vel

122 1097 311 1152 decoqui
340 1096 570 1141 facientes,
602 1096 822 1139 desserant
852 1097 920 1138 vel
950 1096 1105 1139 defieri
1135 1097 1295 1139 faciant
1320 1101 1470 1153 pastas
1499 1113 1603 1141 snas
1625 1101 1678 1141 ad

117 1167 367 1224 predictum
389 1167 587 1215 furnum,
610 1171 655 1209 et
676 1181 839 1222 panem
856 1181 989 1209 suum
1005 1170 1178 1209 coctum
1199 1172 1427 1223 reportent
1442 1171 1498 1212 ad
1520 1172 1679 1212 domos

118 1253 224 1282 suas
254 1239 323 1281 vel
342 1239 559 1295 reportari
588 1239 754 1281 faciant
775 1239 868 1281 suis
889 1239 1083 1294 propriis
1105 1240 1362 1294 sumptibus
1381 1244 1421 1282 et
1451 1241 1676 1296 expensis.

180 1310 388 1353 preterea
408 1310 682 1366 precipimus
700 1313 836 1365 atque
854 1309 1177 1358 interdicimus,
1201 1324 1254 1352 ne
1275 1311 1438 1366 aliquis
1460 1312 1683 1353 habitator

120 1381 191 1423 vel
226 1381 472 1424 habitatrix
509 1381 640 1423 castri
675 1381 887 1436 sepedicti
925 1382 979 1422 de
1019 1384 1165 1423 cetero
1205 1382 1369 1423 audeat
1411 1396 1583 1424 emere.
1626 1384 1680 1424 ad

117 1453 457 1495 revendendum
480 1452 523 1493 in
545 1453 663 1494 dicto
685 1455 846 1500 castro,
878 1465 1040 1507 panem
1064 1455 1237 1494 coctum
1269 1456 1395 1495 extra
1417 1453 1566 1508 ipsum
1587 1468 1681 1496 eas—

118 1526 253 1566 trum.

177 1597 287 1638 Acta
325 1598 428 1638 sunt
467 1596 545 1637 hec
572 1596 691 1650 apud
731 1595 1092 1639 Villamnovam.
1132 1595 1172 1636 in
1212 1596 1332 1638 curia
1370 1596 1473 1638 dicti
1509 1597 1680 1638 domini

117 1666 332 1722 episcopi,
357 1680 476 1709 anno
498 1666 729 1708 Dominice
752 1666 1075 1708 Incarnationis
1103 1666 1342 1709 millesimo
1371 1668 1680 1709 ducentesimo

119 1738 334 1781 vicesimo
356 1741 500 1785 sexto,
526 1741 655 1780 sexto
679 1751 821 1780 nonas
844 1738 996 1786 madii,
1034 1739 1077 1779 in
1104 1739 1335 1793 presencia
1357 1742 1399 1780 et
1424 1739 1679 1781 testimonio

121 1809 284 1865 Ugonis
305 1809 682 1865 archipresbiteri,
709 1809 926 1865 Stephani
948 1810 1117 1855 Codon,
1140 1810 1457 1852 canonicorum
1487 1811 1681 1866 Magalo-

118 1881 344 1929 nensium,
367 1881 594 1924 Guillelmi
613 1882 667 1923 de
688 1881 813 1936 Ripa,
838 1880 1056 1922 Willelmi
1077 1882 1132 1923 de
1151 1882 1310 1923 Tribus
1331 1882 1441 1929 Viis,
1469 1882 1678 1924 Bernardi

116 1953 345 2000 Garnerii‚
386 1953 582 2008 Philippi
618 1954 672 1995 dc
712 1953 976 1995 Yillanova.
1016 1953 1244 1995 Guillelmi
1281 1955 1335 1995 de
1375 1954 1675 2001 Marcelliano,

119 2024 269 2067 Poncii
309 2024 442 2072 Petri,
480 2027 524 2067 et
558 2024 774 2072 aliorum,
812 2027 856 2066 et
892 2024 979 2066 mei
1009 2024 1223 2067 Bernardi
1259 2025 1473 2067 Assalliti.
1514 2025 1680 2081 publici

118 2095 516 2152 Montispessulani
540 2095 716 2143 notarii,
741 2096 818 2151 qui
840 2096 921 2138 hec
943 2096 1114 2151 scripsi.

1119 2179 1216 2218 (aeg.
1238 2181 1275 2210 A.
1300 2180 1356 2210 fol.
1380 2180 1420 2209 40
1435 2184 1489 2217 νυ).

579 2406 838 2442 CCCCXXII.
868 2427 911 2430 —
942 2407 983 2441 12
1009 2405 1097 2452 juin
1128 2405 1220 2441 122ss

117 2512 312 2558 Douee,
346 2522 502 2550 veuve
538 2514 599 2550 de
631 2514 833 2549 Maurin
870 2514 930 2550 de
964 2513 1326 2555 Combaillaux,
1366 2514 1415 2548 et
1452 2511 1677 2555 Mabille‚

163 2582 318 2609 veuve
363 2573 628 2617 d'Amand,
669 2574 1044 2609 reconnaissent
1085 2582 1179 2617 que
1215 2571 1552 2608 Combaillaux
1590 2571 1678 2606 fait

164 2633 325 2678 partie
351 2633 415 2668 du
441 2633 598 2669 comte
625 2633 685 2668 de
711 2632 1070 2668 Montferrand.

176 2737 225 2778 In
253 2737 434 2779 nomine
464 2736 655 2778 Domini.
690 2738 819 2778 Anno
848 2736 1050 2792 ejusdcm
1080 2735 1403 2778 Incarnationis
1437 2734 1676 2776 millesimo

117 2808 426 2850 ducentesimo
465 2808 677 2850 vicesimo
716 2811 860 2855 sexto,
902 2807 1042 2863 pridie
1081 2807 1181 2848 idus
1218 2806 1347 2862 junii,
1385 2820 1466 2859 ego
1506 2806 1673 2850 Dulcia.

117 2893 234 2921 uxor
253 2880 484 2935 quondam
507 2879 697 2921 Maurini
717 2880 770 2921 de
788 2879 1109 2921 Combalholis.
1134 2893 1212 2933 per
1229 2892 1298 2919 me
1321 2880 1361 2919 et
1387 2892 1463 2932 per
1483 2877 1676 2918 infantes

118 2963 243 2993 meos
270 2953 312 2993 et
346 2964 426 3006 per
459 2951 665 2992 homines
699 2951 753 2992 dc
781 2949 1114 2993 Combalholis:
1146 2952 1188 2991 ct
1217 2963 1298 3001 ego
1326 2948 1530 2995 Mabilia,
1564 2961 1679 2989 uxor
