2070 3486
786 315 838 321 —
873 291 959 333 603
995 318 1047 322 —

135 384 376 439 promitto;
419 383 598 425 cuilibet
640 384 787 439 legum
830 387 897 427 vel
937 401 1159 429 canonum
1200 389 1371 430 auxilio
1412 390 1693 438 renuncians

136 468 226 510 quo
253 458 408 496 contra
435 455 634 510 predicta
662 456 814 497 venire
842 472 1020 511 possem
1043 474 1049 502 ;
1095 460 1360 513 prsnnittens
1390 460 1465 502 libi
1503 475 1573 502 ine
1612 461 1695 503 iac-

138 527 289 567 turum
321 528 362 567 et
390 528 650 567 curaturum
678 528 797 580 quod
823 528 1035 569 dominns
1064 531 1336 571 senescallus
1363 531 1513 572 onmia
1542 545 1698 586 supra-

135 595 254 638 dicta
279 595 463 638 habebit
492 599 601 643 rata,
633 600 676 638 et
703 600 857 639 contra
886 612 972 639 non
1004 600 1147 641 veniat
1173 601 1323 656 aliqua
1345 602 1536 643 racione.

194 668 304 708 Acta
339 666 520 708 fuerunt
557 667 637 708 hec
665 669 783 721 apud
821 669 1114 713 Sumidrinm.
1143 671 1183 711 in
1206 672 1311 713 stari
1340 671 1441 713 dicti
1470 672 1694 714 Guillelmi

133 738 188 780 de
215 737 448 793 Agantico,
480 737 524 779 in
553 739 783 793 presencia
811 743 854 780 et
877 740 1134 782 testimonio
1165 743 1311 783 l‘oncii
1338 743 1497 797 prioris
1523 744 1577 785 de
1600 744 1695 785 Tei-

132 820 256 856 ωηο,
283 808 495 850 Bernardi
523 809 772 855 Massanas.
801 811 916 851 l’etri
944 812 1090 854 Fabri.
1122 814 1356 854 Bertrandi
1386 817 1618 859 Saranian.
1651 818 1694 856 et

133 879 221 922 mei
249 879 461 922 Bernardi
499 880 736 922 Alamandi
759 916 765 924 .
810 882 974 935 publici
1022 884 1343 926 snmidvionsis
1388 886 1570 928 notarii.
1617 886 1691 940 qni

131 950 377 1006 prescripta
402 951 556 993 omnia
582 951 737 1006 scripsi
769 953 981 993 mandato
1011 954 1244 1009 utriusque
1273 956 1411 1010 partis
1433 959 1472 997 et
1498 956 1687 1010 signavi.

1132 1056 1229 1095 (Reg.
1252 1056 1287 1092 E,
1310 1056 1367 1087 fol.
1391 1056 1450 1087 262
1472 1058 1525 1094 r·).

589 1287 727 1322 DXLI.
758 1308 799 1311 —
827 1286 873 1322 ‘20
899 1286 1116 1323 decembre
1146 1288 1236 1324 1224

129 1414 259 1451 Jean
279 1414 339 1450 de
359 1415 614 1450 Montlaur
632 1415 865 1451 confirme
886 1415 916 1450 ὲ.
935 1416 1165 1450 Bernard
1187 1415 1282 1452 Gui
1303 1426 1398 1451 une
1418 1418 1551 1453 terre
1578 1417 1687 1463 qu'il

669 1485 699 1510 a
718 1484 809 1510 eue
829 1485 891 1510 en
911 1474 1146 1521 heritage.

185 1598 316 1640 Anno
354 1597 585 1640 Dominice
622 1598 945 1640 lncarnationis
975 1599 1034 1639 ΜΟ
1051 1598 1133 1640 (1C0
1161 1599 1473 1653 kadragesimo
1507 1603 1682 1654 quarto,

124 1669 333 1712 videlicet
379 1669 514 1712 tercio
553 1669 726 1712 decimo
766 1669 983 1712 kalendas
1027 1669 1246 1725 januarii,
1293 1684 1374 1711 nos
1401 1671 1682 1725 .l[ohannes].

121 1740 278 1783 divina
311 1740 609 1796 permissione
654 1741 892 1796 episcopus
934 1741 1320 1796 Magalonensis...
1361 1741 1684 1784 confirmamus

121 1811 218 1860 tibi,
249 1812 474 1854 Bernardo
495 1812 692 1855 Guidoni
713 1814 768 1854 de
794 1813 1042 1860 villanova,
1068 1815 1113 1855 et
1135 1813 1236 1856 tuis.
1263 1814 1491 1868 quandam
1511 1814 1681 1868 peciam

122 1885 237 1926 terre
264 1896 430 1939 quam,
473 1887 523 1926 ut
561 1883 746 1931 asseris,
787 1883 866 1926 tibi
901 1884 945 1925 in
985 1887 1254 1926 testamento
1295 1897 1376 1926 suo
1410 1884 1580 1926 dimisit
1607 1898 1684 1926 seu

118 1954 287 2009 legavit
312 1955 470 1997 Petrus
496 1955 651 2002 Bocca,
685 1955 968 1997 macellarius
995 1956 1227 2011 quondam
1252 1955 1511 2003 Villenove;
1543 1969 1680 2011 quam

121 2028 286 2068 terram
307 2026 519 2068 dominus
540 2026 862 2081 G[uillelmus],
897 2028 1009 2069 bone
1038 2026 1254 2068 memorie
1282 2027 1512 2081 quondam
1535 2028 1685 2081 Maga-

120 2096 321 2155 lonensis
353 2097 613 2153 episcopus,
639 2098 763 2140 dedit
793 2098 837 2139 in
872 2091 1189 2153 emphiteosim
1219 2111 1297 2139 seu
1321 2101 1554 2153 accaptum
1585 2097 1685 2140 Rai-

120 2158 290 2211 mundo
310 2169 449 2211 Bocca
471 2171 515 2210 et
535 2169 666 2211 uxori
686 2169 784 2224 ejus
803 2169 956 2217 Mai-ic,
976 2183 1001 2211 a
1020 2169 1185 2224 quibus
1201 2169 1346 2211 dictus
1364 2170 1519 2210 Petrus
1543 2170 1683 2210 Bocca

118 2251 218 2281 eam
247 2239 428 2287 habuit;
470 2253 550 2295 pro
576 2254 666 2295 qua
696 2243 812 2282 terra
839 2240 1012 2281 (lebetis
1034 2240 1096 2294 (1)
1133 2240 1261 2281 nobis
1298 2242 1341 2281 et
1381 2240 1544 2281 nostris
1583 2254 1678 2281 suc-

117 2310 372 2353 cessoribus
400 2311 455 2352 111
483 2311 707 2357 denarios,
742 2312 922 2353 nominc
945 2311 1118 2358 usatici‚
1150 2311 1403 2352 annuatim.

174 2381 302 2424 Dicta
346 2395 454 2424 vero
496 2385 613 2424 terra
654 2382 964 2424 conlrontatur
996 2382 1053 2424 ab
1092 2395 1182 2423 una
1215 2384 1339 2436 parte
1375 2395 1476 2423 cum
1508 2382 1677 2423 honore

114 2453 345 2508 quondam
368 2452 608 2495 Raimundi
636 2454 690 2495 de
721 2453 931 2500 Puteolis,
964 2457 1007 2495 et
1027 2467 1084 2494 ex
1105 2453 1192 2495 alia
1213 2466 1312 2495 cum
1338 2453 1505 2494 honore
1531 2452 1677 2494 l'oncii

116 2522 295 2572 Albani,
320 2526 364 2565 et
390 2536 447 2566 ex
473 2524 563 2566 alia
587 2537 689 2566 cum
719 2524 888 2566 honore
916 2524 1142 2565 Guillclmi
1170 2523 1352 2565 Cavalli.

175 2594 365 2637 Nomine
391 2597 545 2638 autem
579 2595 714 2650 hujus
748 2595 982 2641 landimii,
1024 2595 1266 2636 habuimus
1301 2608 1327 2636 a
1369 2598 1438 2642 te,
1480 2594 1678 2649 predicto

116 2666 164 2708 B.
195 2665 416 2714 Guidoue,
447 2666 504 2707 Vl
533 2666 701 2708 solidos
730 2666 1067 2720 molgon-ienses,
1100 2666 1143 2707 in
1171 2666 1336 2720 quilius
1364 2665 1681 2707 renunciamus

109 2736 365 2793 exceptioni
400 2751 489 2779 non
527 2740 761 2780 numerate
789 2737 1001 2793 peccunie
1029 2741 1072 2779 ct
1101 2737 1301 2779 laudimii
1319 2738 1382 2790 (2)
1412 2750 1499 2777 non
1523 2736 1677 2778 soluti.

153 2898 201 2944 (1)
232 2897 357 2935 Cart.:
380 2898 477 2934 ιιῑειι·
502 2899 570 2934 vis.

154 2956 204 3003 (2)
233 2957 358 2994 Cart.:
386 2958 639 2993 laudimium.
