<?xml version="1.0" encoding="UTF-8"?>
<!DOCTYPE html PUBLIC "-//W3C//DTD XHTML 1.0 Transitional//EN"
    "http://www.w3.org/TR/xhtml1/DTD/xhtml1-transitional.dtd">
<html xmlns="http://www.w3.org/1999/xhtml" xml:lang="en" lang="en">
 <head>
  <title>
</title>
<meta http-equiv="Content-Type" content="text/html;charset=utf-8" />
  <meta name='ocr-system' content='tesseract 3.04.00' />
  <meta name='ocr-capabilities' content='ocr_page ocr_carea ocr_par ocr_line ocrx_word'/>
</head>
<body>
  <div class='ocr_page' id='page_1' title='image "./cartulairedemagu02cathuoft_0275.png"; bbox 0 0 2070 3486; ppageno 0'>
   <div class='ocr_carea' id='block_1_1' title="bbox 0 1138 26 1440">
    <p class='ocr_par' dir='ltr' id='par_1_1' title="bbox 0 1138 26 1440">
     <span class='ocr_line' id='line_1_1' title="bbox 0 1138 26 1440; textangle 90"><span class='ocrx_word' id='word_1_1' title='bbox 20 1432 26 1440; x_wconf 82' lang='grc'>,</span> <span class='ocrx_word' id='word_1_2' title='bbox 13 1375 22 1383; x_wconf 79' lang='lat'>.</span> <span class='ocrx_word' id='word_1_3' title='bbox 12 1318 22 1335; x_wconf 70' lang='grc'>,-</span> <span class='ocrx_word' id='word_1_4' title='bbox 0 1138 25 1286; x_wconf 54' lang='lat' dir='ltr'>uxr-su</span> 
     </span>
    </p>
   </div>
   <div class='ocr_carea' id='block_1_2' title="bbox 0 452 32 1110">
    <p class='ocr_par' dir='ltr' id='par_1_2' title="bbox 0 452 32 1110">
     <span class='ocr_line' id='line_1_2' title="bbox 0 452 32 1110; textangle 90"><span class='ocrx_word' id='word_1_5' title='bbox 12 1094 21 1110; x_wconf 82' lang='grc'>-,</span> <span class='ocrx_word' id='word_1_6' title='bbox 0 494 32 1074; x_wconf 49' lang='grc' dir='ltr'>,ιιμμω.’-»ᾼΨΜΦὟΜ”</span> <span class='ocrx_word' id='word_1_7' title='bbox 7 471 17 491; x_wconf 69' lang='lat'>⁴·</span> <span class='ocrx_word' id='word_1_8' title='bbox 3 452 16 461; x_wconf 83' lang='lat'>⁸</span> 
     </span>
    </p>
   </div>
   <div class='ocr_carea' id='block_1_3' title="bbox 747 294 1010 336">
    <p class='ocr_par' dir='ltr' id='par_1_3' title="bbox 747 294 1010 336">
     <span class='ocr_line' id='line_1_3' title="bbox 747 294 1010 336; baseline 0 0"><span class='ocrx_word' id='word_1_9' title='bbox 747 294 1010 336; x_wconf 74' lang='lat'>-269—</span> 
     </span>
    </p>
   </div>
   <div class='ocr_carea' id='block_1_4' title="bbox 100 389 1676 2587">
    <p class='ocr_par' dir='ltr' id='par_1_4' title="bbox 100 389 1661 648">
     <span class='ocr_line' id='line_1_4' title="bbox 101 389 1660 435; baseline -0.004 0"><span class='ocrx_word' id='word_1_10' title='bbox 101 392 169 435; x_wconf 84' lang='lat' dir='ltr'>vel</span> <span class='ocrx_word' id='word_1_11' title='bbox 193 392 405 434; x_wconf 76' lang='lat' dir='ltr'>viaticum</span> <span class='ocrx_word' id='word_1_12' title='bbox 438 392 544 433; x_wconf 78' lang='lat' dir='ltr'>(lare</span> <span class='ocrx_word' id='word_1_13' title='bbox 578 391 769 435; x_wconf 76' lang='lat' dir='ltr'>debent,</span> <span class='ocrx_word' id='word_1_14' title='bbox 807 404 886 431; x_wconf 70' lang='lat' dir='ltr'>nvc</span> <span class='ocrx_word' id='word_1_15' title='bbox 920 403 1121 435; x_wconf 77' lang='lat' dir='ltr'>crucem:</span> <span class='ocrx_word' id='word_1_16' title='bbox 1154 389 1222 430; x_wconf 79' lang='lat' dir='ltr'>vel</span> <span class='ocrx_word' id='word_1_17' title='bbox 1253 389 1548 431; x_wconf 84' lang='lat' dir='ltr'>thuribulum.</span> <span class='ocrx_word' id='word_1_18' title='bbox 1582 405 1660 432; x_wconf 70' lang='lat' dir='ltr'>ner</span> 
     </span>
     <span class='ocr_line' id='line_1_5' title="bbox 100 460 1660 519; baseline -0.002 -13"><span class='ocrx_word' id='word_1_19' title='bbox 100 477 265 519; x_wconf 83' lang='lat' dir='ltr'>aquam</span> <span class='ocrx_word' id='word_1_20' title='bbox 291 462 588 505; x_wconf 83' lang='lat' dir='ltr'>benedictam,</span> <span class='ocrx_word' id='word_1_21' title='bbox 613 461 682 503; x_wconf 71' lang='lat' dir='ltr'>vel</span> <span class='ocrx_word' id='word_1_22' title='bbox 703 464 970 503; x_wconf 78' lang='lat' dir='ltr'>ornamenta</span> <span class='ocrx_word' id='word_1_23' title='bbox 991 460 1281 502; x_wconf 67' lang='lat' dir='ltr'>sacerdotalia</span> <span class='ocrx_word' id='word_1_24' title='bbox 1302 461 1464 502; x_wconf 81' lang='lat' dir='ltr'>‹lebent</span> <span class='ocrx_word' id='word_1_25' title='bbox 1489 462 1660 503; x_wconf 65' lang='lat' dir='ltr'>deferre</span> 
     </span>
     <span class='ocr_line' id='line_1_6' title="bbox 104 532 1661 586; baseline -0.002 -10"><span class='ocrx_word' id='word_1_26' title='bbox 104 534 363 576; x_wconf 75' lang='lat' dir='ltr'>viventibus</span> <span class='ocrx_word' id='word_1_27' title='bbox 384 533 592 575; x_wconf 78' lang='lat' dir='ltr'>infirmis.</span> <span class='ocrx_word' id='word_1_28' title='bbox 619 533 688 575; x_wconf 78' lang='lat' dir='ltr'>vel</span> <span class='ocrx_word' id='word_1_29' title='bbox 705 533 943 574; x_wconf 78' lang='lat' dir='ltr'>defunctis.</span> <span class='ocrx_word' id='word_1_30' title='bbox 971 533 1054 573; x_wconf 83' lang='lat' dir='ltr'>nisi</span> <span class='ocrx_word' id='word_1_31' title='bbox 1077 535 1297 586; x_wconf 82' lang='lat' dir='ltr'>quantum</span> <span class='ocrx_word' id='word_1_32' title='bbox 1315 532 1479 573; x_wconf 79' lang='lat' dir='ltr'>(lomus</span> <span class='ocrx_word' id='word_1_33' title='bbox 1502 535 1661 574; x_wconf 76' lang='lat' dir='ltr'>Sancte</span> 
     </span>
     <span class='ocr_line' id='line_1_7' title="bbox 101 604 625 648; baseline -0.01 1"><span class='ocrx_word' id='word_1_34' title='bbox 101 605 330 648; x_wconf 87' lang='lat' dir='ltr'>Trinitatis</span> <span class='ocrx_word' id='word_1_35' title='bbox 352 604 625 647; x_wconf 81' lang='lat' dir='ltr'>extenditur.</span> 
     </span>
    </p>

    <p class='ocr_par' dir='ltr' id='par_1_5' title="bbox 103 673 1664 801">
     <span class='ocr_line' id='line_1_8' title="bbox 161 673 1664 731; baseline -0.003 -13"><span class='ocrx_word' id='word_1_36' title='bbox 161 677 211 718; x_wconf 88' lang='lat' dir='ltr'>In</span> <span class='ocrx_word' id='word_1_37' title='bbox 231 675 405 731; x_wconf 85' lang='lat' dir='ltr'>prefato</span> <span class='ocrx_word' id='word_1_38' title='bbox 429 689 534 717; x_wconf 82' lang='lat' dir='ltr'>vero</span> <span class='ocrx_word' id='word_1_39' title='bbox 556 674 751 717; x_wconf 86' lang='lat' dir='ltr'>oratorio</span> <span class='ocrx_word' id='word_1_40' title='bbox 773 676 935 716; x_wconf 60' lang='lat' dir='ltr'>(lomus</span> <span class='ocrx_word' id='word_1_41' title='bbox 959 677 1119 716; x_wconf 69' lang='lat' dir='ltr'>Sancte</span> <span class='ocrx_word' id='word_1_42' title='bbox 1142 673 1371 715; x_wconf 70' lang='lat' dir='ltr'>Trinitatis</span> <span class='ocrx_word' id='word_1_43' title='bbox 1393 674 1505 715; x_wconf 76' lang='lat' dir='ltr'>(luas</span> <span class='ocrx_word' id='word_1_44' title='bbox 1528 674 1664 728; x_wconf 71' lang='lat' dir='ltr'>squil-</span> 
     </span>
     <span class='ocr_line' id='line_1_9' title="bbox 103 746 750 801; baseline -0.005 -11"><span class='ocrx_word' id='word_1_45' title='bbox 103 747 170 790; x_wconf 85' lang='lat' dir='ltr'>las</span> <span class='ocrx_word' id='word_1_46' title='bbox 197 748 376 794; x_wconf 85' lang='lat' dir='ltr'>habeat‚</span> <span class='ocrx_word' id='word_1_47' title='bbox 408 750 450 788; x_wconf 84' lang='lat' dir='ltr'>et</span> <span class='ocrx_word' id='word_1_48' title='bbox 473 760 561 788; x_wconf 91' lang='lat' dir='ltr'>non</span> <span class='ocrx_word' id='word_1_49' title='bbox 584 746 750 801; x_wconf 88' lang='lat' dir='ltr'>plures.</span> 
     </span>
    </p>

    <p class='ocr_par' dir='ltr' id='par_1_6' title="bbox 102 816 1673 1801">
     <span class='ocr_line' id='line_1_10' title="bbox 165 816 1664 874; baseline -0.002 -14"><span class='ocrx_word' id='word_1_50' title='bbox 165 819 355 874; x_wconf 86' lang='lat' dir='ltr'><strong>Insuper</strong></span> <span class='ocrx_word' id='word_1_51' title='bbox 375 818 588 859; x_wconf 90' lang='lat' dir='ltr'>omnibus</span> <span class='ocrx_word' id='word_1_52' title='bbox 618 816 904 873; x_wconf 69' lang='lat' dir='ltr'>presentibus</span> <span class='ocrx_word' id='word_1_53' title='bbox 932 820 972 858; x_wconf 92' lang='lat' dir='ltr'>et</span> <span class='ocrx_word' id='word_1_54' title='bbox 996 816 1158 858; x_wconf 80' lang='lat' dir='ltr'>futuris</span> <span class='ocrx_word' id='word_1_55' title='bbox 1185 819 1417 871; x_wconf 78' lang='lat' dir='ltr'>appareat,</span> <span class='ocrx_word' id='word_1_56' title='bbox 1449 817 1584 871; x_wconf 84' lang='lat' dir='ltr'>quod.</span> <span class='ocrx_word' id='word_1_57' title='bbox 1609 830 1664 857; x_wconf 76' lang='lat' dir='ltr'>ex</span> 
     </span>
     <span class='ocr_line' id='line_1_11' title="bbox 102 887 1666 945; baseline -0.003 -14"><span class='ocrx_word' id='word_1_58' title='bbox 102 890 256 945; x_wconf 80' lang='lat' dir='ltr'>vigore</span> <span class='ocrx_word' id='word_1_59' title='bbox 283 889 419 945; x_wconf 86' lang='lat' dir='ltr'>hujus</span> <span class='ocrx_word' id='word_1_60' title='bbox 446 888 815 944; x_wconf 82' lang='lat' dir='ltr'>composicionis,</span> <span class='ocrx_word' id='word_1_61' title='bbox 862 888 1073 942; x_wconf 80' lang='lat' dir='ltr'>deinceps</span> <span class='ocrx_word' id='word_1_62' title='bbox 1108 887 1300 929; x_wconf 78' lang='lat' dir='ltr'>Ecclesia</span> <span class='ocrx_word' id='word_1_63' title='bbox 1337 888 1666 941; x_wconf 68' lang='lat' dir='ltr'>Magaloncnsis</span> 
     </span>
     <span class='ocr_line' id='line_1_12' title="bbox 103 958 1663 1016; baseline -0.003 -13"><span class='ocrx_word' id='word_1_64' title='bbox 103 960 439 1016; x_wconf 81' lang='lat' dir='ltr'>imperpetuum</span> <span class='ocrx_word' id='word_1_65' title='bbox 461 959 643 1002; x_wconf 83' lang='lat' dir='ltr'>habebit</span> <span class='ocrx_word' id='word_1_66' title='bbox 667 959 865 1015; x_wconf 77' lang='lat' dir='ltr'>plenarie</span> <span class='ocrx_word' id='word_1_67' title='bbox 893 959 1091 1000; x_wconf 86' lang='lat' dir='ltr'>decimas</span> <span class='ocrx_word' id='word_1_68' title='bbox 1121 958 1362 1000; x_wconf 78' lang='lat' dir='ltr'>fructuum.</span> <span class='ocrx_word' id='word_1_69' title='bbox 1389 959 1663 1013; x_wconf 75' lang='lat' dir='ltr'>prediorum.</span> 
     </span>
     <span class='ocr_line' id='line_1_13' title="bbox 102 1030 1665 1086; baseline -0.003 -12"><span class='ocrx_word' id='word_1_70' title='bbox 102 1034 148 1074; x_wconf 76' lang='lat' dir='ltr'>et.</span> <span class='ocrx_word' id='word_1_71' title='bbox 179 1031 432 1077; x_wconf 76' lang='lat' dir='ltr'>vinearum,</span> <span class='ocrx_word' id='word_1_72' title='bbox 467 1045 554 1086; x_wconf 87' lang='lat' dir='ltr'>que</span> <span class='ocrx_word' id='word_1_73' title='bbox 585 1031 749 1072; x_wconf 88' lang='lat' dir='ltr'>domus</span> <span class='ocrx_word' id='word_1_74' title='bbox 779 1032 941 1072; x_wconf 87' lang='lat' dir='ltr'>Sancte</span> <span class='ocrx_word' id='word_1_75' title='bbox 973 1030 1217 1072; x_wconf 70' lang='lat' dir='ltr'>Trinitatis.</span> <span class='ocrx_word' id='word_1_76' title='bbox 1250 1044 1330 1072; x_wconf 87' lang='lat' dir='ltr'>seu</span> <span class='ocrx_word' id='word_1_77' title='bbox 1360 1030 1560 1072; x_wconf 69' lang='lat' dir='ltr'>ecclesia.</span> <span class='ocrx_word' id='word_1_78' title='bbox 1587 1044 1665 1071; x_wconf 63' lang='lat' dir='ltr'>svn</span> 
     </span>
     <span class='ocr_line' id='line_1_14' title="bbox 104 1101 1664 1158; baseline -0.001 -13"><span class='ocrx_word' id='word_1_79' title='bbox 104 1103 342 1158; x_wconf 89' lang='lat' dir='ltr'>hospitalis</span> <span class='ocrx_word' id='word_1_80' title='bbox 363 1102 578 1158; x_wconf 80' lang='lat' dir='ltr'>possidet.</span> <span class='ocrx_word' id='word_1_81' title='bbox 603 1102 671 1143; x_wconf 72' lang='lat' dir='ltr'>vel</span> <span class='ocrx_word' id='word_1_82' title='bbox 701 1102 745 1143; x_wconf 93' lang='lat' dir='ltr'>in</span> <span class='ocrx_word' id='word_1_83' title='bbox 776 1101 975 1143; x_wconf 77' lang='lat' dir='ltr'>futurum</span> <span class='ocrx_word' id='word_1_84' title='bbox 1001 1101 1263 1156; x_wconf 72' lang='lat' dir='ltr'>possidebit.</span> <span class='ocrx_word' id='word_1_85' title='bbox 1291 1115 1370 1143; x_wconf 75' lang='lat' dir='ltr'>scu</span> <span class='ocrx_word' id='word_1_86' title='bbox 1392 1101 1664 1156; x_wconf 68' lang='lat' dir='ltr'>acquisierit.</span> 
     </span>
     <span class='ocr_line' id='line_1_15' title="bbox 104 1172 1670 1229; baseline -0.003 -13"><span class='ocrx_word' id='word_1_87' title='bbox 104 1174 151 1216; x_wconf 93' lang='lat' dir='ltr'>in</span> <span class='ocrx_word' id='word_1_88' title='bbox 173 1177 267 1216; x_wconf 82' lang='lat' dir='ltr'>toto</span> <span class='ocrx_word' id='word_1_89' title='bbox 295 1174 558 1229; x_wconf 89' lang='lat' dir='ltr'>episcopatu</span> <span class='ocrx_word' id='word_1_90' title='bbox 586 1172 919 1229; x_wconf 76' lang='lat' dir='ltr'>Magalonensi3</span> <span class='ocrx_word' id='word_1_91' title='bbox 951 1172 1234 1214; x_wconf 78' lang='lat' dir='ltr'>cessantibus</span> <span class='ocrx_word' id='word_1_92' title='bbox 1261 1175 1303 1214; x_wconf 89' lang='lat' dir='ltr'>et</span> <span class='ocrx_word' id='word_1_93' title='bbox 1333 1186 1421 1213; x_wconf 83' lang='lat' dir='ltr'>non</span> <span class='ocrx_word' id='word_1_94' title='bbox 1452 1172 1670 1214; x_wconf 85' lang='lat' dir='ltr'>obstanti-</span> 
     </span>
     <span class='ocr_line' id='line_1_16' title="bbox 107 1243 1672 1300; baseline -0.003 -12"><span class='ocrx_word' id='word_1_95' title='bbox 107 1247 192 1288; x_wconf 90' lang='lat' dir='ltr'>bus</span> <span class='ocrx_word' id='word_1_96' title='bbox 220 1245 322 1288; x_wconf 91' lang='lat' dir='ltr'>huic</span> <span class='ocrx_word' id='word_1_97' title='bbox 349 1244 665 1300; x_wconf 81' lang='lat' dir='ltr'>compositioni</span> <span class='ocrx_word' id='word_1_98' title='bbox 688 1245 900 1286; x_wconf 88' lang='lat' dir='ltr'>omnibus</span> <span class='ocrx_word' id='word_1_99' title='bbox 930 1243 1175 1299; x_wconf 78' lang='lat' dir='ltr'>privilegiis</span> <span class='ocrx_word' id='word_1_100' title='bbox 1195 1247 1240 1285; x_wconf 85' lang='lat' dir='ltr'>et</span> <span class='ocrx_word' id='word_1_101' title='bbox 1270 1243 1581 1299; x_wconf 83' lang='lat' dir='ltr'>indulgenciis.</span> <span class='ocrx_word' id='word_1_102' title='bbox 1608 1244 1672 1284; x_wconf 92' lang='lat' dir='ltr'>in-</span> 
     </span>
     <span class='ocr_line' id='line_1_17' title="bbox 107 1314 1669 1371; baseline -0.003 -12"><span class='ocrx_word' id='word_1_103' title='bbox 107 1316 246 1359; x_wconf 88' lang='lat' dir='ltr'>dultis</span> <span class='ocrx_word' id='word_1_104' title='bbox 269 1329 348 1358; x_wconf 89' lang='lat' dir='ltr'>seu</span> <span class='ocrx_word' id='word_1_105' title='bbox 371 1315 657 1371; x_wconf 67' lang='lat' dir='ltr'>indulgentiis</span> <span class='ocrx_word' id='word_1_106' title='bbox 679 1315 833 1357; x_wconf 84' lang='lat' dir='ltr'>domui</span> <span class='ocrx_word' id='word_1_107' title='bbox 865 1315 934 1357; x_wconf 78' lang='lat' dir='ltr'>vel</span> <span class='ocrx_word' id='word_1_108' title='bbox 962 1315 1113 1357; x_wconf 85' lang='lat' dir='ltr'>Ordini</span> <span class='ocrx_word' id='word_1_109' title='bbox 1138 1317 1300 1357; x_wconf 85' lang='lat' dir='ltr'>Sancte</span> <span class='ocrx_word' id='word_1_110' title='bbox 1324 1314 1567 1356; x_wconf 81' lang='lat' dir='ltr'>Trinitatis.</span> <span class='ocrx_word' id='word_1_111' title='bbox 1600 1315 1669 1356; x_wconf 74' lang='lat' dir='ltr'>vel</span> 
     </span>
     <span class='ocr_line' id='line_1_18' title="bbox 104 1386 1671 1444; baseline -0.002 -13"><span class='ocrx_word' id='word_1_112' title='bbox 104 1387 306 1444; x_wconf 83' lang='lat' dir='ltr'>exceptis</span> <span class='ocrx_word' id='word_1_113' title='bbox 333 1387 420 1430; x_wconf 90' lang='lat' dir='ltr'>hiis</span> <span class='ocrx_word' id='word_1_114' title='bbox 447 1388 501 1429; x_wconf 80' lang='lat' dir='ltr'>(le</span> <span class='ocrx_word' id='word_1_115' title='bbox 523 1386 690 1442; x_wconf 82' lang='lat' dir='ltr'>quibus</span> <span class='ocrx_word' id='word_1_116' title='bbox 717 1387 832 1429; x_wconf 88' lang='lat' dir='ltr'>alius</span> <span class='ocrx_word' id='word_1_117' title='bbox 852 1387 969 1442; x_wconf 80' lang='lat' dir='ltr'>juste</span> <span class='ocrx_word' id='word_1_118' title='bbox 991 1387 1190 1428; x_wconf 83' lang='lat' dir='ltr'>decimas</span> <span class='ocrx_word' id='word_1_119' title='bbox 1213 1386 1399 1442; x_wconf 73' lang='lat' dir='ltr'>percipit</span> <span class='ocrx_word' id='word_1_120' title='bbox 1425 1401 1432 1431; x_wconf 88' lang='grc'>;</span> <span class='ocrx_word' id='word_1_121' title='bbox 1466 1388 1542 1428; x_wconf 85' lang='lat' dir='ltr'>sed</span> <span class='ocrx_word' id='word_1_122' title='bbox 1572 1400 1671 1441; x_wconf 88' lang='lat' dir='ltr'>pec-</span> 
     </span>
     <span class='ocr_line' id='line_1_19' title="bbox 105 1458 1670 1513; baseline -0.001 -11"><span class='ocrx_word' id='word_1_123' title='bbox 105 1473 277 1507; x_wconf 87' lang='lat' dir='ltr'>corum,</span> <span class='ocrx_word' id='word_1_124' title='bbox 302 1460 438 1501; x_wconf 89' lang='lat' dir='ltr'>modo</span> <span class='ocrx_word' id='word_1_125' title='bbox 462 1458 530 1501; x_wconf 80' lang='lat' dir='ltr'>vel</span> <span class='ocrx_word' id='word_1_126' title='bbox 553 1459 598 1500; x_wconf 89' lang='lat' dir='ltr'>in</span> <span class='ocrx_word' id='word_1_127' title='bbox 620 1458 823 1500; x_wconf 83' lang='lat' dir='ltr'>futurum</span> <span class='ocrx_word' id='word_1_128' title='bbox 852 1458 1178 1513; x_wconf 77' lang='lat' dir='ltr'>pertinencium</span> <span class='ocrx_word' id='word_1_129' title='bbox 1208 1459 1263 1500; x_wconf 87' lang='lat' dir='ltr'>ad</span> <span class='ocrx_word' id='word_1_130' title='bbox 1299 1459 1484 1500; x_wconf 84' lang='lat' dir='ltr'>domum</span> <span class='ocrx_word' id='word_1_131' title='bbox 1511 1458 1670 1500; x_wconf 79' lang='lat' dir='ltr'>Sancte</span> 
     </span>
     <span class='ocr_line' id='line_1_20' title="bbox 105 1529 1671 1585; baseline -0.001 -13"><span class='ocrx_word' id='word_1_132' title='bbox 105 1530 350 1577; x_wconf 77' lang='lat' dir='ltr'>Trinitatis,</span> <span class='ocrx_word' id='word_1_133' title='bbox 375 1530 443 1572; x_wconf 72' lang='lat' dir='ltr'>vel</span> <span class='ocrx_word' id='word_1_134' title='bbox 467 1530 694 1572; x_wconf 80' lang='lat' dir='ltr'>fructuum</span> <span class='ocrx_word' id='word_1_135' title='bbox 712 1531 943 1572; x_wconf 88' lang='lat' dir='ltr'>arborum.</span> <span class='ocrx_word' id='word_1_136' title='bbox 965 1530 1037 1570; x_wconf 80' lang='lat' dir='ltr'>vel</span> <span class='ocrx_word' id='word_1_137' title='bbox 1056 1529 1139 1571; x_wconf 93' lang='lat' dir='ltr'>orti</span> <span class='ocrx_word' id='word_1_138' title='bbox 1160 1543 1295 1585; x_wconf 86' lang='lat' dir='ltr'>quem</span> <span class='ocrx_word' id='word_1_139' title='bbox 1315 1530 1448 1571; x_wconf 86' lang='lat' dir='ltr'>modo</span> <span class='ocrx_word' id='word_1_140' title='bbox 1471 1529 1671 1584; x_wconf 83' lang='lat' dir='ltr'>possidet</span> 
     </span>
     <span class='ocr_line' id='line_1_21' title="bbox 107 1601 1670 1656; baseline -0.001 -12"><span class='ocrx_word' id='word_1_141' title='bbox 107 1602 271 1644; x_wconf 90' lang='lat' dir='ltr'>domus</span> <span class='ocrx_word' id='word_1_142' title='bbox 309 1602 468 1644; x_wconf 80' lang='lat' dir='ltr'>Sancte</span> <span class='ocrx_word' id='word_1_143' title='bbox 496 1601 726 1643; x_wconf 86' lang='lat' dir='ltr'>Trinitatis</span> <span class='ocrx_word' id='word_1_144' title='bbox 755 1601 798 1642; x_wconf 89' lang='lat' dir='ltr'>in</span> <span class='ocrx_word' id='word_1_145' title='bbox 826 1602 1090 1656; x_wconf 87' lang='lat' dir='ltr'>episcopatu</span> <span class='ocrx_word' id='word_1_146' title='bbox 1119 1601 1423 1656; x_wconf 77' lang='lat' dir='ltr'>Magalonensi</span> <span class='ocrx_word' id='word_1_147' title='bbox 1453 1602 1506 1643; x_wconf 83' lang='lat' dir='ltr'>ad</span> <span class='ocrx_word' id='word_1_148' title='bbox 1538 1615 1670 1643; x_wconf 85' lang='lat' dir='ltr'>usum</span> 
     </span>
     <span class='ocr_line' id='line_1_22' title="bbox 109 1672 1673 1728; baseline -0.001 -13"><span class='ocrx_word' id='word_1_149' title='bbox 109 1672 297 1715; x_wconf 77' lang='lat' dir='ltr'>fratrum</span> <span class='ocrx_word' id='word_1_150' title='bbox 319 1676 363 1716; x_wconf 87' lang='lat' dir='ltr'>et</span> <span class='ocrx_word' id='word_1_151' title='bbox 384 1672 552 1715; x_wconf 85' lang='lat' dir='ltr'>familie</span> <span class='ocrx_word' id='word_1_152' title='bbox 576 1676 767 1715; x_wconf 85' lang='lat' dir='ltr'>tantum.</span> <span class='ocrx_word' id='word_1_153' title='bbox 800 1687 890 1714; x_wconf 90' lang='lat' dir='ltr'>non</span> <span class='ocrx_word' id='word_1_154' title='bbox 911 1673 1042 1715; x_wconf 89' lang='lat' dir='ltr'>debet</span> <span class='ocrx_word' id='word_1_155' title='bbox 1068 1674 1234 1715; x_wconf 88' lang='lat' dir='ltr'>habere</span> <span class='ocrx_word' id='word_1_156' title='bbox 1251 1686 1452 1728; x_wconf 86' lang='lat' dir='ltr'>unquam</span> <span class='ocrx_word' id='word_1_157' title='bbox 1475 1673 1673 1715; x_wconf 87' lang='lat' dir='ltr'>decimas</span> 
     </span>
     <span class='ocr_line' id='line_1_23' title="bbox 109 1744 1017 1801; baseline -0.001 -15"><span class='ocrx_word' id='word_1_158' title='bbox 109 1745 180 1787; x_wconf 89' lang='lat' dir='ltr'>vel</span> <span class='ocrx_word' id='word_1_159' title='bbox 204 1744 432 1801; x_wconf 70' lang='lat' dir='ltr'>primicias</span> <span class='ocrx_word' id='word_1_160' title='bbox 454 1745 648 1787; x_wconf 86' lang='lat' dir='ltr'>Ecclesia</span> <span class='ocrx_word' id='word_1_161' title='bbox 671 1744 1017 1800; x_wconf 80' lang='lat' dir='ltr'>Magalonensis.</span> 
     </span>
    </p>

    <p class='ocr_par' dir='ltr' id='par_1_7' title="bbox 107 1815 1674 2144">
     <span class='ocr_line' id='line_1_24' title="bbox 167 1815 1670 1871; baseline -0.001 -13"><span class='ocrx_word' id='word_1_162' title='bbox 167 1816 220 1858; x_wconf 91' lang='lat' dir='ltr'>Et</span> <span class='ocrx_word' id='word_1_163' title='bbox 241 1817 296 1858; x_wconf 89' lang='lat' dir='ltr'>de</span> <span class='ocrx_word' id='word_1_164' title='bbox 325 1816 584 1858; x_wconf 88' lang='lat' dir='ltr'>substancia</span> <span class='ocrx_word' id='word_1_165' title='bbox 606 1816 741 1871; x_wconf 84' lang='lat' dir='ltr'>hujus</span> <span class='ocrx_word' id='word_1_166' title='bbox 763 1815 1104 1871; x_wconf 88' lang='lat' dir='ltr'>compositionis</span> <span class='ocrx_word' id='word_1_167' title='bbox 1132 1819 1213 1859; x_wconf 87' lang='lat' dir='ltr'>est.</span> <span class='ocrx_word' id='word_1_168' title='bbox 1236 1819 1285 1858; x_wconf 85' lang='lat' dir='ltr'>ut</span> <span class='ocrx_word' id='word_1_169' title='bbox 1313 1829 1549 1871; x_wconf 87' lang='lat' dir='ltr'>peccorum</span> <span class='ocrx_word' id='word_1_170' title='bbox 1572 1828 1670 1870; x_wconf 84' lang='lat' dir='ltr'>pas-</span> 
     </span>
     <span class='ocr_line' id='line_1_25' title="bbox 110 1887 1673 1943; baseline -0.001 -13"><span class='ocrx_word' id='word_1_171' title='bbox 110 1890 258 1930; x_wconf 83' lang='lat' dir='ltr'>torum</span> <span class='ocrx_word' id='word_1_172' title='bbox 296 1891 340 1930; x_wconf 88' lang='lat' dir='ltr'>et</span> <span class='ocrx_word' id='word_1_173' title='bbox 371 1887 562 1930; x_wconf 87' lang='lat' dir='ltr'>aliorum</span> <span class='ocrx_word' id='word_1_174' title='bbox 596 1887 878 1935; x_wconf 88' lang='lat' dir='ltr'>animalium,</span> <span class='ocrx_word' id='word_1_175' title='bbox 917 1902 1004 1943; x_wconf 83' lang='lat' dir='ltr'>que</span> <span class='ocrx_word' id='word_1_176' title='bbox 1041 1887 1278 1943; x_wconf 81' lang='lat' dir='ltr'>pecoribus</span> <span class='ocrx_word' id='word_1_177' title='bbox 1318 1888 1482 1929; x_wconf 88' lang='lat' dir='ltr'>domus</span> <span class='ocrx_word' id='word_1_178' title='bbox 1512 1887 1673 1929; x_wconf 82' lang='lat' dir='ltr'>Sancte</span> 
     </span>
     <span class='ocr_line' id='line_1_26' title="bbox 107 1958 1674 2014; baseline -0.001 -13"><span class='ocrx_word' id='word_1_179' title='bbox 107 1959 338 2002; x_wconf 80' lang='lat' dir='ltr'>Trinitatis</span> <span class='ocrx_word' id='word_1_180' title='bbox 367 1963 471 2001; x_wconf 91' lang='lat' dir='ltr'>sunt</span> <span class='ocrx_word' id='word_1_181' title='bbox 503 1959 572 2001; x_wconf 72' lang='lat' dir='ltr'>vel</span> <span class='ocrx_word' id='word_1_182' title='bbox 601 1962 731 2001; x_wconf 88' lang='lat' dir='ltr'>erunt</span> <span class='ocrx_word' id='word_1_183' title='bbox 759 1959 910 2014; x_wconf 85' lang='lat' dir='ltr'>aliquo</span> <span class='ocrx_word' id='word_1_184' title='bbox 932 1960 1068 2001; x_wconf 87' lang='lat' dir='ltr'>modo</span> <span class='ocrx_word' id='word_1_185' title='bbox 1096 1959 1279 2002; x_wconf 81' lang='lat' dir='ltr'>sociata,</span> <span class='ocrx_word' id='word_1_186' title='bbox 1304 1958 1496 2000; x_wconf 89' lang='lat' dir='ltr'>Ecclesia</span> <span class='ocrx_word' id='word_1_187' title='bbox 1525 1959 1674 2013; x_wconf 74' lang='lat' dir='ltr'>Maga-</span> 
     </span>
     <span class='ocr_line' id='line_1_27' title="bbox 108 2029 1673 2086; baseline -0.002 -14"><span class='ocrx_word' id='word_1_188' title='bbox 108 2030 308 2073; x_wconf 89' lang='lat' dir='ltr'>lonensis</span> <span class='ocrx_word' id='word_1_189' title='bbox 326 2030 528 2086; x_wconf 85' lang='lat' dir='ltr'>legaliter</span> <span class='ocrx_word' id='word_1_190' title='bbox 548 2031 683 2073; x_wconf 86' lang='lat' dir='ltr'>debet</span> <span class='ocrx_word' id='word_1_191' title='bbox 704 2031 869 2072; x_wconf 85' lang='lat' dir='ltr'>habere</span> <span class='ocrx_word' id='word_1_192' title='bbox 891 2030 1090 2072; x_wconf 86' lang='lat' dir='ltr'>decimas</span> <span class='ocrx_word' id='word_1_193' title='bbox 1108 2045 1115 2072; x_wconf 91' lang='lat'>:</span> <span class='ocrx_word' id='word_1_194' title='bbox 1142 2033 1185 2072; x_wconf 89' lang='lat' dir='ltr'>et</span> <span class='ocrx_word' id='word_1_195' title='bbox 1206 2033 1410 2085; x_wconf 87' lang='lat' dir='ltr'>pastores</span> <span class='ocrx_word' id='word_1_196' title='bbox 1430 2043 1566 2085; x_wconf 87' lang='lat' dir='ltr'>super</span> <span class='ocrx_word' id='word_1_197' title='bbox 1587 2029 1673 2070; x_wconf 79' lang='lat' dir='ltr'>hiis</span> 
     </span>
     <span class='ocr_line' id='line_1_28' title="bbox 110 2101 1225 2144; baseline -0.001 -1"><span class='ocrx_word' id='word_1_198' title='bbox 110 2102 349 2144; x_wconf 76' lang='lat' dir='ltr'>veritatem</span> <span class='ocrx_word' id='word_1_199' title='bbox 378 2105 661 2144; x_wconf 88' lang='lat' dir='ltr'>sacramento</span> <span class='ocrx_word' id='word_1_200' title='bbox 690 2101 978 2143; x_wconf 82' lang='lat' dir='ltr'>manifestare</span> <span class='ocrx_word' id='word_1_201' title='bbox 1002 2104 1225 2144; x_wconf 85' lang='lat' dir='ltr'>tenentur.</span> 
     </span>
    </p>

    <p class='ocr_par' dir='ltr' id='par_1_8' title="bbox 108 2172 1676 2587">
     <span class='ocr_line' id='line_1_29' title="bbox 170 2172 1674 2229; baseline -0.002 -14"><span class='ocrx_word' id='word_1_202' title='bbox 170 2174 218 2215; x_wconf 91' lang='lat' dir='ltr'>In</span> <span class='ocrx_word' id='word_1_203' title='bbox 246 2173 494 2229; x_wconf 81' lang='lat' dir='ltr'>peregrinis</span> <span class='ocrx_word' id='word_1_204' title='bbox 528 2176 572 2215; x_wconf 89' lang='lat' dir='ltr'>et</span> <span class='ocrx_word' id='word_1_205' title='bbox 606 2173 858 2216; x_wconf 85' lang='lat' dir='ltr'>viatoribus</span> <span class='ocrx_word' id='word_1_206' title='bbox 893 2173 1189 2215; x_wconf 85' lang='lat' dir='ltr'>morientibus</span> <span class='ocrx_word' id='word_1_207' title='bbox 1215 2172 1331 2215; x_wconf 84' lang='lat' dir='ltr'>infra</span> <span class='ocrx_word' id='word_1_208' title='bbox 1363 2173 1674 2228; x_wconf 88' lang='lat' dir='ltr'>episcopatum</span> 
     </span>
     <span class='ocr_line' id='line_1_30' title="bbox 110 2244 1676 2303; baseline -0.001 -16"><span class='ocrx_word' id='word_1_209' title='bbox 110 2245 500 2301; x_wconf 81' lang='lat' dir='ltr'>Magalonensem.</span> <span class='ocrx_word' id='word_1_210' title='bbox 532 2248 575 2287; x_wconf 90' lang='lat' dir='ltr'>et</span> <span class='ocrx_word' id='word_1_211' title='bbox 603 2244 681 2303; x_wconf 83' lang='lat' dir='ltr'>[in]</span> <span class='ocrx_word' id='word_1_212' title='bbox 715 2245 935 2287; x_wconf 86' lang='lat' dir='ltr'>cimiterio</span> <span class='ocrx_word' id='word_1_213' title='bbox 969 2246 1132 2287; x_wconf 82' lang='lat' dir='ltr'>doinus</span> <span class='ocrx_word' id='word_1_214' title='bbox 1160 2247 1321 2287; x_wconf 83' lang='lat' dir='ltr'>Sancte</span> <span class='ocrx_word' id='word_1_215' title='bbox 1350 2244 1580 2286; x_wconf 88' lang='lat' dir='ltr'>Trinitatis</span> <span class='ocrx_word' id='word_1_216' title='bbox 1609 2257 1676 2285; x_wconf 86' lang='lat' dir='ltr'>se-</span> 
     </span>
     <span class='ocr_line' id='line_1_31' title="bbox 110 2315 1674 2372; baseline -0.001 -14"><span class='ocrx_word' id='word_1_217' title='bbox 110 2316 263 2372; x_wconf 89' lang='lat' dir='ltr'>pultis,</span> <span class='ocrx_word' id='word_1_218' title='bbox 294 2316 339 2358; x_wconf 93' lang='lat' dir='ltr'>in</span> <span class='ocrx_word' id='word_1_219' title='bbox 365 2317 578 2359; x_wconf 87' lang='lat' dir='ltr'>omnibus</span> <span class='ocrx_word' id='word_1_220' title='bbox 605 2318 662 2358; x_wconf 88' lang='lat' dir='ltr'>ab</span> <span class='ocrx_word' id='word_1_221' title='bbox 689 2316 753 2359; x_wconf 88' lang='lat' dir='ltr'>eis</span> <span class='ocrx_word' id='word_1_222' title='bbox 782 2316 961 2368; x_wconf 89' lang='lat' dir='ltr'>relictis,</span> <span class='ocrx_word' id='word_1_223' title='bbox 985 2317 1117 2358; x_wconf 83' lang='lat' dir='ltr'>datis.</span> <span class='ocrx_word' id='word_1_224' title='bbox 1149 2330 1228 2358; x_wconf 90' lang='lat' dir='ltr'>seu</span> <span class='ocrx_word' id='word_1_225' title='bbox 1255 2316 1450 2363; x_wconf 84' lang='lat' dir='ltr'>donatis,</span> <span class='ocrx_word' id='word_1_226' title='bbox 1479 2316 1546 2357; x_wconf 76' lang='lat' dir='ltr'>vel</span> <span class='ocrx_word' id='word_1_227' title='bbox 1575 2315 1674 2357; x_wconf 87' lang='lat' dir='ltr'>aliis</span> 
     </span>
     <span class='ocr_line' id='line_1_32' title="bbox 109 2386 1671 2443; baseline -0.001 -13"><span class='ocrx_word' id='word_1_228' title='bbox 109 2387 445 2435; x_wconf 86' lang='lat' dir='ltr'>emolumentis,</span> <span class='ocrx_word' id='word_1_229' title='bbox 471 2402 558 2443; x_wconf 87' lang='lat' dir='ltr'>que</span> <span class='ocrx_word' id='word_1_230' title='bbox 585 2390 642 2430; x_wconf 86' lang='lat' dir='ltr'>ad</span> <span class='ocrx_word' id='word_1_231' title='bbox 669 2389 856 2430; x_wconf 88' lang='lat' dir='ltr'>domum</span> <span class='ocrx_word' id='word_1_232' title='bbox 886 2388 1047 2430; x_wconf 77' lang='lat' dir='ltr'>Sancte</span> <span class='ocrx_word' id='word_1_233' title='bbox 1079 2387 1330 2432; x_wconf 82' lang='lat' dir='ltr'>Trinitatis,</span> <span class='ocrx_word' id='word_1_234' title='bbox 1363 2390 1406 2429; x_wconf 87' lang='lat' dir='ltr'>et</span> <span class='ocrx_word' id='word_1_235' title='bbox 1434 2386 1671 2442; x_wconf 89' lang='lat' dir='ltr'>hospitale.</span> 
     </span>
     <span class='ocr_line' id='line_1_33' title="bbox 108 2458 1673 2506; baseline -0.001 -6"><span class='ocrx_word' id='word_1_236' title='bbox 108 2459 180 2501; x_wconf 74' lang='lat' dir='ltr'>vel</span> <span class='ocrx_word' id='word_1_237' title='bbox 200 2459 452 2506; x_wconf 85' lang='lat' dir='ltr'>ecclesiam,</span> <span class='ocrx_word' id='word_1_238' title='bbox 486 2459 554 2501; x_wconf 79' lang='lat' dir='ltr'>vel</span> <span class='ocrx_word' id='word_1_239' title='bbox 576 2459 775 2504; x_wconf 83' lang='lat' dir='ltr'>clericos.</span> <span class='ocrx_word' id='word_1_240' title='bbox 806 2473 886 2501; x_wconf 92' lang='lat' dir='ltr'>seu</span> <span class='ocrx_word' id='word_1_241' title='bbox 915 2459 1073 2501; x_wconf 82' lang='lat' dir='ltr'>fratres</span> <span class='ocrx_word' id='word_1_242' title='bbox 1101 2459 1415 2501; x_wconf 77' lang='lat' dir='ltr'>devolventur.</span> <span class='ocrx_word' id='word_1_243' title='bbox 1442 2458 1673 2500; x_wconf 86' lang='lat' dir='ltr'>occasione</span> 
     </span>
     <span class='ocr_line' id='line_1_34' title="bbox 111 2530 1670 2587; baseline -0.001 -15"><span class='ocrx_word' id='word_1_244' title='bbox 111 2543 191 2572; x_wconf 88' lang='lat' dir='ltr'>seu</span> <span class='ocrx_word' id='word_1_245' title='bbox 213 2530 393 2572; x_wconf 88' lang='lat' dir='ltr'>nomine</span> <span class='ocrx_word' id='word_1_246' title='bbox 411 2544 583 2573; x_wconf 88' lang='lat' dir='ltr'>eorum.</span> <span class='ocrx_word' id='word_1_247' title='bbox 606 2530 939 2587; x_wconf 82' lang='lat' dir='ltr'>Magalonensis</span> <span class='ocrx_word' id='word_1_248' title='bbox 958 2530 1150 2573; x_wconf 86' lang='lat' dir='ltr'>Ecclesia</span> <span class='ocrx_word' id='word_1_249' title='bbox 1168 2531 1353 2572; x_wconf 87' lang='lat' dir='ltr'>habebit</span> <span class='ocrx_word' id='word_1_250' title='bbox 1367 2530 1670 2571; x_wconf 82' lang='lat' dir='ltr'>medietatem.</span> 
     </span>
    </p>
   </div>
   <div class='ocr_carea' id='block_1_5' title="bbox 16 2588 1258 2656">
    <p class='ocr_par' dir='ltr' id='par_1_9' title="bbox 16 2588 1258 2656">
     <span class='ocr_line' id='line_1_35' title="bbox 16 2588 1258 2656; baseline -0.001 -13"><span class='ocrx_word' id='word_1_251' title='bbox 16 2588 22 2597; x_wconf 43' lang='lat'>²</span> <span class='ocrx_word' id='word_1_252' title='bbox 55 2653 59 2656; x_wconf 86' lang='lat'>.</span> <span class='ocrx_word' id='word_1_253' title='bbox 114 2603 159 2643; x_wconf 88' lang='lat' dir='ltr'>et</span> <span class='ocrx_word' id='word_1_254' title='bbox 178 2602 342 2644; x_wconf 87' lang='lat' dir='ltr'>domus</span> <span class='ocrx_word' id='word_1_255' title='bbox 365 2602 525 2644; x_wconf 84' lang='lat' dir='ltr'>Sancte</span> <span class='ocrx_word' id='word_1_256' title='bbox 545 2601 773 2643; x_wconf 85' lang='lat' dir='ltr'>Trinitatis</span> <span class='ocrx_word' id='word_1_257' title='bbox 794 2601 928 2643; x_wconf 89' lang='lat' dir='ltr'>aliam</span> <span class='ocrx_word' id='word_1_258' title='bbox 953 2601 1258 2644; x_wconf 83' lang='lat' dir='ltr'>medietatem.</span> 
     </span>
    </p>
   </div>
   <div class='ocr_carea' id='block_1_6' title="bbox 110 2672 1679 3014">
    <p class='ocr_par' dir='ltr' id='par_1_10' title="bbox 110 2672 1679 3014">
     <span class='ocr_line' id='line_1_36' title="bbox 172 2672 1677 2729; baseline -0.001 -14"><span class='ocrx_word' id='word_1_259' title='bbox 172 2672 218 2715; x_wconf 80' lang='lat' dir='ltr'>Si</span> <span class='ocrx_word' id='word_1_260' title='bbox 252 2686 359 2715; x_wconf 79' lang='lat' dir='ltr'>vero</span> <span class='ocrx_word' id='word_1_261' title='bbox 386 2673 571 2715; x_wconf 84' lang='lat' dir='ltr'>alterius</span> <span class='ocrx_word' id='word_1_262' title='bbox 608 2673 799 2716; x_wconf 83' lang='lat' dir='ltr'>diocesis</span> <span class='ocrx_word' id='word_1_263' title='bbox 828 2674 1152 2729; x_wconf 82' lang='lat' dir='ltr'>parrochianus</span> <span class='ocrx_word' id='word_1_264' title='bbox 1183 2673 1461 2728; x_wconf 86' lang='lat' dir='ltr'>sepulturam</span> <span class='ocrx_word' id='word_1_265' title='bbox 1500 2672 1558 2713; x_wconf 90' lang='lat' dir='ltr'>ibi</span> <span class='ocrx_word' id='word_1_266' title='bbox 1590 2672 1677 2714; x_wconf 86' lang='lat' dir='ltr'>ele-</span> 
     </span>
     <span class='ocr_line' id='line_1_37' title="bbox 110 2743 1677 2800; baseline -0.002 -14"><span class='ocrx_word' id='word_1_267' title='bbox 110 2743 240 2800; x_wconf 83' lang='lat' dir='ltr'>gerit,</span> <span class='ocrx_word' id='word_1_268' title='bbox 261 2744 331 2786; x_wconf 85' lang='lat' dir='ltr'>vel</span> <span class='ocrx_word' id='word_1_269' title='bbox 355 2744 559 2800; x_wconf 88' lang='lat' dir='ltr'>sepultus</span> <span class='ocrx_word' id='word_1_270' title='bbox 582 2745 640 2786; x_wconf 90' lang='lat' dir='ltr'>ibi</span> <span class='ocrx_word' id='word_1_271' title='bbox 663 2744 809 2792; x_wconf 76' lang='lat' dir='ltr'>luerit,</span> <span class='ocrx_word' id='word_1_272' title='bbox 837 2745 906 2787; x_wconf 86' lang='lat' dir='ltr'>vel</span> <span class='ocrx_word' id='word_1_273' title='bbox 927 2745 1091 2800; x_wconf 81' lang='lat' dir='ltr'>aliquis</span> <span class='ocrx_word' id='word_1_274' title='bbox 1114 2745 1389 2800; x_wconf 86' lang='lat' dir='ltr'>peregrinus.</span> <span class='ocrx_word' id='word_1_275' title='bbox 1415 2747 1543 2786; x_wconf 77' lang='lat' dir='ltr'>extra</span> <span class='ocrx_word' id='word_1_276' title='bbox 1563 2743 1677 2784; x_wconf 79' lang='lat' dir='ltr'>fines</span> 
     </span>
     <span class='ocr_line' id='line_1_38' title="bbox 111 2814 1676 2871; baseline -0.001 -15"><span class='ocrx_word' id='word_1_277' title='bbox 111 2814 446 2870; x_wconf 85' lang='lat' dir='ltr'>Magalonensis</span> <span class='ocrx_word' id='word_1_278' title='bbox 475 2815 667 2858; x_wconf 83' lang='lat' dir='ltr'>diocesis</span> <span class='ocrx_word' id='word_1_279' title='bbox 697 2816 908 2858; x_wconf 79' lang='lat' dir='ltr'>moriens,</span> <span class='ocrx_word' id='word_1_280' title='bbox 950 2816 1229 2871; x_wconf 86' lang='lat' dir='ltr'>sepulturam</span> <span class='ocrx_word' id='word_1_281' title='bbox 1268 2815 1326 2857; x_wconf 91' lang='lat' dir='ltr'>ibi</span> <span class='ocrx_word' id='word_1_282' title='bbox 1361 2815 1596 2870; x_wconf 73' lang='lat' dir='ltr'>acceperit.</span> <span class='ocrx_word' id='word_1_283' title='bbox 1633 2814 1676 2854; x_wconf 92' lang='lat' dir='ltr'>in</span> 
     </span>
     <span class='ocr_line' id='line_1_39' title="bbox 113 2885 1679 2942; baseline 0.001 -15"><span class='ocrx_word' id='word_1_284' title='bbox 113 2885 200 2928; x_wconf 87' lang='lat' dir='ltr'>hiis</span> <span class='ocrx_word' id='word_1_285' title='bbox 227 2900 314 2941; x_wconf 86' lang='lat' dir='ltr'>que</span> <span class='ocrx_word' id='word_1_286' title='bbox 335 2887 390 2928; x_wconf 85' lang='lat' dir='ltr'>ad</span> <span class='ocrx_word' id='word_1_287' title='bbox 422 2887 640 2942; x_wconf 84' lang='lat' dir='ltr'>hospitale</span> <span class='ocrx_word' id='word_1_288' title='bbox 665 2887 758 2929; x_wconf 77' lang='lat' dir='ltr'>sive</span> <span class='ocrx_word' id='word_1_289' title='bbox 781 2889 967 2929; x_wconf 89' lang='lat' dir='ltr'>domum</span> <span class='ocrx_word' id='word_1_290' title='bbox 998 2890 1158 2929; x_wconf 78' lang='lat' dir='ltr'>Sancte</span> <span class='ocrx_word' id='word_1_291' title='bbox 1190 2887 1417 2929; x_wconf 88' lang='lat' dir='ltr'>Trinitatis</span> <span class='ocrx_word' id='word_1_292' title='bbox 1440 2886 1679 2928; x_wconf 81' lang='lat' dir='ltr'>transtule-</span> 
     </span>
     <span class='ocr_line' id='line_1_40' title="bbox 112 2956 1142 3014; baseline -0.001 -14"><span class='ocrx_word' id='word_1_293' title='bbox 112 2956 185 3007; x_wconf 88' lang='lat' dir='ltr'>rit,</span> <span class='ocrx_word' id='word_1_294' title='bbox 212 2957 347 3000; x_wconf 89' lang='lat' dir='ltr'>nichil</span> <span class='ocrx_word' id='word_1_295' title='bbox 367 2958 551 3001; x_wconf 86' lang='lat' dir='ltr'>habebit</span> <span class='ocrx_word' id='word_1_296' title='bbox 573 2958 767 3001; x_wconf 77' lang='lat' dir='ltr'>Ecclesia</span> <span class='ocrx_word' id='word_1_297' title='bbox 797 2959 1142 3014; x_wconf 79' lang='lat' dir='ltr'>Magalonensis.</span> 
     </span>
    </p>
   </div>
  </div>
 </body>
</html>
