2070 3486
758 389 805 394 —
848 362 930 405 783
965 387 1021 392 —

162 460 215 503 Et
247 474 330 515 ego
367 460 598 503 Johannes
628 458 830 506 Firmini,
862 457 1062 499 notarius
1082 457 1256 512 juratus
1278 455 1392 497 dicte
1421 454 1663 511 Sybiende,

104 532 219 574 hanc
247 530 570 574 venditionem,
597 532 638 571 et
659 529 810 571 omnia
840 529 1037 584 predicta
1065 531 1107 569 et
1136 527 1328 581 singula,
1352 540 1438 582 que.
1462 526 1669 581 superius

103 602 410 645 continentur.
457 601 616 645 laudo,
657 600 828 641 ralil'ieo
865 603 909 641 et
946 599 1166 640 confirmo
1204 599 1537 653 imperpetuum
1572 596 1666 645 tibi,

104 673 222 716 dicto
262 673 342 715 Bn.
378 671 610 714 Cathalani
640 670 833 726 emptori
859 673 900 711 et
936 670 1044 716 luis,
1076 672 1115 711 ct
1146 669 1272 711 solvo
1300 671 1343 710 ct
1369 669 1564 709 concedo
1587 668 1667 709 im-

105 733 375 800 perpetuum
406 742 546 797 gratis
577 741 655 783 tibi
688 744 830 782 totum
858 741 944 805 1⁰1⁵·
982 741 1100 795 quod
1131 740 1174 780 in
1199 739 1408 794 predictis
1432 739 1564 780 rebus
1589 738 1665 780 tibi

105 814 299 857 venditis
327 813 545 857 habeo...
573 812 839 868 pi·‹1›mittens
875 811 952 853 tibi
982 810 1214 866 stipulanti
1244 811 1363 866 quod
1392 812 1544 851 contra
1568 823 1668 864 pre·

103 886 224 929 dicta
249 897 484 941 nunquam
507 883 687 925 veniam
717 883 834 925 bona
864 882 966 924 fide.

160 956 331 998 Horum
353 954 559 998 omnium
587 957 688 996 sunt
725 956 863 996 testes
890 954 941 994 G.
973 953 1206 995 Callialani
1241 951 1583 1008 peyssonerius,
1616 953 1660 993 P.

100 1029 156 1071 de
186 1026 422 1074 Montillis,
457 1025 691 1081 Philippus
720 1024 795 1066 del
820 1024 945 1065 Fran
977 1024 1312 1079 peyssoncrius,
1339 1026 1383 1064 et
1409 1036 1491 1077 ego
1515 1023 1668 1064 Bndus

99 1100 154 1142 de
175 1098 391 1143 Ginhaco.
415 1097 621 1153 publicus
643 1096 1039 1151 Montispessulani
1065 1095 1280 1139 notarius,
1313 1094 1388 1149 qui
1414 1095 1491 1136 hec
1511 1094 1663 1135 onmia

102 1170 302 1226 predicta
334 1172 378 1212 et
408 1169 611 1224 singula,
646 1168 858 1209 mandato
888 1167 1109 1222 parcium,
1152 1166 1332 1221 scripsi.
1365 1168 1428 1208 vl,
1467 1178 1664 1206 errorem

102 1242 404 1288 emendando,
430 1240 517 1283 rasi
539 1243 584 1282 et
605 1239 812 1294 rescripsi
835 1239 911 1280 ubi
931 1238 1093 1280 dieitur
1114 1237 1248 1286 omni,
1277 1237 1444 1279 scilicet
1468 1237 1510 1278 in
1533 1236 1665 1278 tercia

104 1313 224 1356 linea
249 1326 276 1355 a
300 1312 520 1368 principio
548 1311 869 1366 computando.

161 1456 267 1498 Post
289 1456 369 1498 lieo
390 1468 509 1498 anno
537 1469 627 1510 quo
658 1468 809 1510 supra,
841 1453 999 1509 quinto
1021 1452 1238 1495 kalendas
1261 1452 1428 1500 marcii,
1454 1451 1667 1494 dominus

102 1526 370 1570 Guillelmus
398 1525 678 1572 Christoiori,
705 1524 1038 1580 Magalonensis
1059 1524 1313 1579 episcopus,
1342 1536 1492 1565 comes
1520 1526 1563 1565 et
1590 1524 1669 1565 do-

102 1598 253 1640 minus
285 1597 486 1653 Melgorii
513 1599 558 1639 et
585 1595 967 1642 Montislerrandi,
999 1595 1246 1650 predictam
1270 1593 1597 1637 vendicionem.
1623 1596 1668 1635 et

101 1669 255 1711 omnia
285 1671 329 1711 et
359 1668 535 1724 singula
569 1667 875 1723 suprascripta
903 1666 1119 1714 laudavit,
1154 1665 1407 1708 consiliavit
1434 1668 1477 1707 ct
1504 1665 1667 1707 contir-

103 1740 246 1783 mavit
283 1739 541 1796 supradicto
583 1740 660 1781 1311.
701 1738 935 1781 Cathalani
973 1738 1147 1780 notario
1190 1740 1234 1779 et
1271 1736 1365 1779 suis
1399 1750 1479 1791 pro
1518 1736 1665 1778 media

103 1814 228 1868 parte
265 1811 472 1858 indivisa,
510 1814 554 1853 et
580 1810 773 1853 asseruit
795 1813 838 1851 et
867 1808 1126 1864 recognovit
1153 1822 1199 1850 se
1235 1808 1336 1849 inde
1372 1807 1585 1849 habuisse
1623 1810 1666 1849 et

102 1882 339 1939 recepisse,
361 1883 656 1930 numerando,
684 1895 763 1937 pro
785 1881 1002 1923 laudimio
1025 1883 1069 1922 et
1087 1879 1288 1922 consilio.
1314 1880 1349 1920 X
1370 1878 1538 1921 solidos
1558 1877 1666 1920 mel·

100 1954 346 2009 gorienses,
375 1954 642 1996 renuncians
675 1967 732 1995 ex
765 1956 885 1995 certa
918 1952 1103 1994 scientia
1124 1950 1379 2006 exceptioni
1401 1964 1489 1992 non
1513 1949 1665 1991 habite

102 2026 220 2081 [nec]
252 2028 486 2067 numerate
516 2024 726 2080 peccunie
755 2027 799 2066 et
827 2026 1018 2078 recepte.

158 2096 268 2138 Item
293 2096 379 2138 Btr.
409 2097 464 2138 de
487 2089 702 2138 Blauzaco
725 2095 869 2142 miles,
895 2108 975 2150 pro
997 2108 1043 2136 se
1065 2097 1109 2136 et
1137 2107 1216 2149 pro
1245 2092 1396 2135 liberis
1425 2092 1533 2139 suis,
1566 2106 1667 2147 pro-

99 2167 298 2210 mittens.
333 2167 418 2209 sub
451 2167 705 2224 yppoteclia
733 2180 884 2209 reruni
913 2179 1096 2207 suarum
1124 2165 1345 2212 omnium,
1373 2177 1419 2206 se
1443 2163 1664 2206 facturum

97 2242 143 2281 et
175 2241 459 2285 curaturum,
504 2239 624 2294 quod
665 2238 750 2294 ipsi
788 2238 917 2280 liberi
959 2237 1206 2292 predictam
1247 2235 1575 2283 venditionem,
1620 2237 1663 2277 et

98 2310 251 2353 omnia
278 2310 487 2366 superius
515 2310 681 2366 scripta
705 2313 748 2352 et
769 2309 944 2363 singula
968 2308 1232 2355 laudabunt,
1264 2306 1598 2349 confirmabunt
1620 2309 1663 2348 et

99 2382 401 2424 consiliabunt
433 2382 632 2438 predicto
667 2382 792 2423 Bndo
826 2380 1059 2423 Cathalani
1095 2382 1139 2422 et
1179 2379 1272 2421 suis
1308 2378 1659 2433 imperpetuum,

98 2466 179 2508 pro
205 2455 367 2508 quarta
393 2455 519 2508 parte
555 2452 774 2499 indivisa;
812 2455 856 2494 et
888 2451 1097 2498 asseruit,
1129 2453 1173 2492 et
1194 2448 1456 2504 recognovit
1485 2461 1531 2489 se
1560 2448 1662 2489 inde

95 2523 307 2566 habuisse
334 2526 380 2565 et
401 2524 637 2579 recepisse,
663 2523 942 2565 numerando
964 2523 1022 2564 al)
1049 2535 1118 2564 eo.
1146 2535 1225 2576 pro
1247 2519 1465 2562 laudimio
1488 2522 1531 2561 et
1558 2532 1663 2560 con-

94 2594 209 2642 silio,
241 2595 355 2636 xlm
387 2594 555 2637 solidos
588 2594 925 2649 melgorienses,
959 2593 1228 2635 renuncians
1256 2605 1312 2633 ex
1334 2593 1451 2633 certa
1475 2589 1663 2631 scientia

95 2665 349 2722 exceptioni
379 2679 468 2708 non
503 2666 652 2708 habite
682 2669 725 2708 et
755 2666 878 2721 [non]
910 2667 1144 2706 numerate
1159 2662 1380 2724 ‚peecunie
1402 2665 1446 2704 et
1468 2663 1655 2716 recepte.

154 2737 308 2780 Testes
330 2739 436 2779 sunt
458 2738 730 2780 Bertrandus
761 2738 816 2779 de
851 2736 1016 2784 Insula,
1056 2735 1248 2777 vicarius
1279 2733 1411 2775 rastri
1442 2732 1657 2785 Melgorii.

99 2807 290 2850 Peneius
317 2808 513 2850 Thomas
540 2808 782 2851 eanonicus
810 2806 1157 2861 Magalonensis,
1197 2806 1242 2847 P.
1268 2805 1322 2846 de
1347 2803 1467 2845 Bello
1494 2803 1590 2844 loeo
1617 2806 1662 2844 ct

95 2879 247 2934 plures
267 2878 358 2925 alii.
378 2882 421 2921 et
439 2879 706 2921 Guillelmus
721 2878 975 2930 Calcadelli,
994 2877 1193 2919 notarius
1211 2875 1416 2931 publicus
1439 2873 1654 2927 Melgorii,

94 2948 187 3006 qui,
220 2952 402 3005 rogatus
434 2963 460 2991 a
493 2950 703 3005 predictis
733 2949 952 3005 partibus,
977 2947 1126 2989 omnia
1157 2945 1460 3001 suprascripta
1488 2947 1524 2984 et
1571 2943 1662 2984 sin-

95 3020 201 3076 gula
225 3034 252 3063 a
280 3020 534 3076 peragratio
556 3020 665 3063 citra
691 3020 734 3062 iu
757 3006 952 3062 claustro
976 3020 1105 3060 Beate
1130 3017 1265 3059 Marie
1286 3017 1339 3058 dc
1365 3014 1591 3069 Melgorio.
1618 3013 1660 3055 in
