2070 3486
1033 286 1084 291 —
1119 261 1203 302 ‘302
1240 287 1290 291 —

385 360 459 414 qui
490 359 599 399 alias
626 357 770 397 (luido
808 357 861 397 de
895 355 1113 396 (lrnnerio
1152 356 1497 410 nunrupalialur
1523 355 1601 406 (l),
1640 356 1755 397 bona
1787 356 1874 398 fide
1900 359 1943 398 et

381 433 498 471 certa
528 429 765 470 scientia...
795 428 994 468 vendo...
1023 426 1559 469 vobis‹loinino.1acolio.
1593 426 1666 467 Dei
1689 427 1833 481 gratia
1852 427 1942 482 regi

381 503 638 553 Aragonum
662 502 705 540 et
729 497 1041 553 Majoricaruni
1077 500 1120 538 et
1152 497 1372 544 Valentio,
1404 496 1557 538 comiti
1580 497 1857 539 Barchinone
1877 497 1941 552 (2)

377 575 420 613 et
448 570 626 623 Urgelli,
659 572 702 611 et
722 568 906 610 ‹loinino
935 567 1350 622 Montispessulani,
1381 570 1426 608 et
1455 567 1672 609 vestris...
1703 568 1759 610 ad
1781 580 1938 610 omnes

377 642 630 683 voluntates
661 643 886 681 vestras...
915 641 1057 680 totuin
1087 641 1284 679 castrum
1319 639 1373 680 de
1411 638 1632 680 Badaluco
1659 652 1761 680 Cum
1794 638 1939 681 homi—

375 713 505 754 nibus
534 715 577 753 et
602 711 833 752 militibus.
860 713 903 751 et
930 709 1142 750 omnibus
1163 709 1445 763 pertinentiis
1467 712 1510 751 et
1536 709 1799 764 adjacentiis
1820 709 1933 766 ejus,

371 787 413 826 et
440 797 526 838 que
554 783 593 823 ei
625 782 776 837 aliquo
807 781 940 822 niodo
976 780 1198 835 pertinere
1226 783 1416 835 possunt
1445 780 1511 821 vel
1535 781 1728 827 debentz
1767 783 1811 822 et
1837 794 1936 837 spe-

369 855 538 896 cialiter
558 867 658 895 cuin
683 852 941 894 molendino
960 851 1183 906 adipsum
1210 850 1477 906 pertinente,
1503 854 1666 893 etcum
1691 854 1866 905 stagno,
1892 854 1937 894 et

370 925 558 980 riperiis.
592 927 634 966 et
661 923 805 978 aquis.
841 926 884 964 et
911 922 1041 963 cultis
1080 925 1124 963 et
1152 921 1345 969 incultis,
1380 922 1611 975 guarricis,
1654 922 1930 972 nemoribus,

367 999 406 1037 et
428 995 631 1041 cassinis,
654 997 699 1035 et
719 992 963 1041 laudiiniis,
987 992 1200 1034 dominiis
1222 995 1266 1034 et
1283 992 1496 1040 consiliis,
1521 992 1718 1041 usaticis,
1740 993 1929 1048 quartis,

368 1067 566 1109 ochenis.
593 1066 818 1112 censibus,
844 1067 887 1106 et
914 1064 1126 1106 omnibus
1147 1063 1247 1105 aliis
1268 1067 1312 1106 et
1333 1063 1521 1119 singulis
1542 1064 1867 1119 piscationibus
1888 1067 1935 1107 et

366 1136 620 1179 escasuchis
647 1137 701 1178 ad
733 1149 804 1177 1ne
837 1135 1167 1190 pertinentibus
1200 1134 1245 1176 in
1279 1135 1396 1176 (licto
1423 1138 1584 1181 castro,
1610 1135 1680 1177 vel
1706 1148 1786 1190 pro
1811 1135 1927 1191 ipso,

364 1209 434 1249 vel
475 1208 707 1250 occasione
744 1207 887 1263 ipsius
926 1206 1087 1254 castri;
1132 1209 1175 1248 et
1211 1206 1462 1261 expressim
1511 1207 1641 1248 vobis
1679 1210 1723 1249 et
1768 1206 1930 1249 vestris

364 1280 564 1321 vendo...
598 1292 756 1320 omnes
783 1278 983 1319 actiones
1014 1291 1138 1319 meas
1166 1277 1373 1326 directas,
1411 1278 1560 1325 utiles,
1592 1277 1751 1327 reales,
1778 1291 1928 1334 perso·

363 1351 499 1393 nates.
532 1353 575 1391 et
605 1350 785 1396 mixtas,
824 1352 865 1390 et
894 1362 1053 1390 omnes
1075 1349 1202 1396 aliaS,
1231 1352 1273 1389 et
1309 1349 1462 1390 omnia
1494 1348 1593 1404 jura
1624 1362 1738 1404 quas
1765 1352 1809 1391 et
1842 1363 1929 1405 que

360 1423 503 1463 liabeo
537 1421 580 1462 in
610 1421 726 1463 ‹lioto
755 1423 917 1468 castro,
955 1433 1032 1461 sen
1072 1434 1151 1475 pro
1180 1420 1291 1474 ipso.
1330 1420 1397 1461 vel
1436 1421 1534 1476 ejus
1570 1421 1819 1467 occasione,
1851 1422 1930 1463 ad-

360 1507 519 1535 versus
541 1493 716 1547 aliquas
745 1506 814 1533 res
843 1505 923 1534 seu
952 1505 1184 1546 personas,
1214 1492 1396 1533 nomine
1426 1492 1639 1534 violentie
1661 1491 1796 1534 michi
1824 1492 1928 1534 inde
1964 1502 1971 1507 “

360 1564 430 1606 vel
462 1564 557 1620 ejus
592 1564 824 1606 occasione
858 1562 928 1604 vel
958 1563 1017 1604 ibi
1050 1562 1269 1617 illateffi),
1309 1563 1378 1604 vel
1412 1577 1466 1604 ex
1495 1563 1647 1618 aliqua
1678 1562 1766 1604 alia
1793 1576 1929 1605 causa

359 1635 551 1690 cogitata
584 1635 655 1677 vel
684 1648 772 1676 non
806 1634 1024 1689 cogitata2
1062 1636 1106 1675 et
1139 1633 1391 1689 specialiter
1427 1633 1580 1676 omnia
1612 1633 1727 1689 jura,
1759 1647 1846 1689 que
1881 1633 1926 1676 in

357 1706 455 1761 ipso
482 1709 628 1748 castro
657 1706 800 1747 habeo
830 1705 899 1747 vel
926 1705 973 1747 in
1006 1704 1102 1760 ejus
1137 1705 1345 1747 terminio
1375 1704 1558 1747 nomine
1594 1705 1665 1747 vel
1692 1705 1926 1747 occasione

356 1777 473 1819 dotis
513 1790 638 1823 mee,
682 1790 820 1832 quam
853 1776 999 1818 dictus
1031 1775 1243 1818 dominus
1280 1776 1427 1818 Guido
1466 1789 1643 1818 mecum
1684 1775 1843 1818 habuit
1882 1779 1928 1818 et

357 1848 538 1904 recepit,
571 1851 614 1890 et
641 1861 778 1903 quam
806 1847 942 1890 michi
971 1847 1205 1889 constituit
1232 1861 1368 1902 super
1395 1847 1608 1889 omnibus
1640 1847 1771 1889 bonis
1802 1847 1921 1895 suis;

355 1923 399 1962 et
424 1921 478 1962 de
500 1903 712 1961 omnibus
729 1919 920 1975 juribus,
953 1933 1040 1974 que
1068 1919 1112 1960 in
1136 1919 1235 1974 ipso
1264 1921 1410 1960 castro
1433 1932 1512 1961 seu
1535 1932 1615 1974 pro
1643 1918 1758 1974 ipso,
1784 1918 1856 1961 vel
1876 1918 1922 1960 in

355 1991 614 2033 hominibus
649 1994 693 2033 et
734 1990 1015 2046 pertinentiis
1054 1990 1151 2046 ejus
1193 1991 1354 2038 habeo,
1400 1990 1566 2032 habere
1609 2003 1795 2046 possum
1843 2003 1922 2032 seu

355 2063 521 2108 debeo.
562 2077 619 2105 ex
659 2062 906 2104 hereditate
946 2061 1052 2103 dicti
1095 2061 1265 2103 domini
1302 2061 1544 2109 Guidonis,
1578 2061 1649 2103 vel
1684 2061 1803 2104 dotis
1843 2074 1923 2104 seu

355 2134 615 2194 hereditatis
645 2147 757 2180 mee,
792 2133 887 2175 sive
915 2147 972 2175 ex
1002 2133 1155 2188 aliqua
1187 2133 1276 2175 alia
1305 2146 1456 2181 causa,
1496 2146 1565 2175 me
1595 2136 1639 2175 et
1665 2146 1790 2175 meos
1817 2132 1922 2175 inde

356 2206 533 2260 penitus
573 2205 902 2251 disvestiendo,
942 2218 1024 2246 vos
1059 2207 1102 2247 et
1130 2207 1305 2246 vestros
1339 2204 1549 2252 investio,
1586 2207 1631 2246 et
1664 2205 1719 2247 de
1745 2204 1921 2260 juribus

352 2290 437 2331 que
461 2290 517 2317 ex
539 2290 670 2319 causa
694 2277 811 2318 dicta
834 2276 902 2318 vel
931 2276 1017 2318 alia
1047 2276 1193 2318 habeo
1216 2276 1261 2317 in
1289 2276 1407 2318 dicto
1433 2276 1709 2318 molendina

413 2349 618 2390 Preterea
651 2349 846 2390 concedo
886 2348 1015 2389 vohis
1049 2350 1092 2389 et
1127 2347 1314 2390 vestris.
1354 2350 1427 2395 ut,
1466 2347 1731 2390 auctoritate
1769 2349 1922 2390 vestra

355 2419 555 2474 propria,
600 2419 891 2474 corporaliter
928 2419 1241 2474 pocessionem
1275 2419 1478 2461 omnium
1515 2419 1852 2474 predictorum,
1894 2432 1921 2462 a

357 2504 424 2531 ine
457 2490 583 2531 vobis
611 2490 923 2533 venditorum.
954 2491 1295 2545 apprehendere
1328 2490 1549 2539 valeatis:
1581 2493 1646 2538 et,
1681 2503 1918 2546 quousque

355 2562 551 2616 predicta
577 2562 869 2616 corporaliter
888 2562 1159 2617 apprehensi
1182 2562 1320 2607 eritis,
1347 2575 1399 2603 ea
1421 2561 1573 2604 omnia
1595 2575 1667 2604 me
1694 2561 1918 2604 constituo

356 2635 504 2674 vestro
529 2633 709 2675 nomine
740 2633 985 2688 possidere.

403 2811 450 2855 (1)
481 2811 606 2846 Cart.:
632 2812 977 2857 mmpeupabatur.

399 2869 449 2912 (2)
481 2872 605 2906 Cart.:
630 2871 884 2906 Barchilorw.

410 2929 443 2962 3Ἰ
475 2930 599 2964 Cart.:
624 2930 797 2964 illm-ale.
