2070 3486
1029 245 1288 289 -712—

381 348 576 403 plenarie
597 346 837 387 sariendus.
867 342 1033 384 scilicet
1054 342 1283 397 quoddam
1307 343 1423 382 stare
1443 354 1545 383 cum
1568 344 1706 390 curte,
1729 340 1815 397 ipsi
1836 342 1944 384 stari

376 419 599 471 contis-rna.
632 419 669 457 el
703 415 915 456 omnibns
938 412 1226 468 pertinenciis
1245 411 1354 461 suis,
1381 413 1501 466 quod
1524 412 1737 467 possideo
1760 412 1943 455 nomine

379 490 437 531 tui
468 488 569 529 <livii
602 485 871 542 ltaylnundi.

432 560 558 608 Quod
581 561 697 599 stare
726 560 793 597 ost
815 556 857 596 in
881 555 1026 596 barrio
1050 554 1184 596 castri
1207 554 1259 595 de
1289 553 1536 602 Breissaco,
1565 556 1609 595 et
1631 552 1943 596 confrontatur

376 645 429 672 ox
455 644 541 671 una
566 631 689 683 parte
712 640 811 668 cuni
833 625 1064 681 pai-rancis
1087 624 1256 666 domini
1281 624 1523 666 Raiiuundi
1544 624 1678 668 Petri,
1705 627 1750 666 et
1768 638 1826 666 ex
1852 623 1941 667 alia

374 716 474 743 runi
509 700 697 742 rari-cria
730 698 923 753 publica,
955 711 1045 752 qua
1067 697 1154 737 itur
1174 710 1200 737 a
1221 696 1339 738 dicto
1359 698 1505 737 castro
1535 709 1693 738 versus
1721 695 1941 738 molendi-

375 787 480 815 num
510 770 679 813 domini
720 768 897 811 comitis
939 767 1268 813 nuthononsis,
1313 770 1357 809 et
1383 767 1628 809 liberorum
1657 780 1869 815 suorum,
1897 770 1942 810 et

374 844 554 887 ecclesie
585 841 732 883 Sancti
769 839 968 886 Nazarii,
1001 842 1045 881 et
1071 852 1126 879 ex
1165 838 1253 880 alia
1283 852 1383 879 cum
1416 838 1628 880 domibus
1656 841 1701 880 et
1730 841 1854 881 curte
1875 838 1940 880 tui

373 916 476 958 dicti
498 912 755 958 Raimundi.
1050 950 1053 952 .

433 988 614 1031 Vende,
654 984 862 1038 inquam,
896 982 1001 1029 tibi,
1034 982 1151 1023 dicto
1187 981 1439 1035 Raimundo
1467 980 1669 1036 Morjuti,
1702 983 1820 1023 stare
1840 993 1941 1036 pre-

372 1059 538 1100 dictum
562 1055 710 1112 precio
732 1053 1031 1110 quadraginta
1058 1052 1307 1095 solidorum
1331 1051 1713 1108 melgoriensinm.
1759 1052 1822 1094 De
1849 1065 1940 1108 quo

372 1131 555 1186 quidem
578 1127 726 1183 precio
753 1139 854 1167 cum
878 1125 962 1166 hoc
990 1124 1170 1179 publico
1198 1124 1517 1171 instrumento,
1551 1124 1740 1178 [coram]
1770 1123 1940 1166 vocatis

371 1204 413 1243 ot
447 1200 613 1255 rogatis
643 1198 832 1240 testibus
863 1196 1178 1251 infrascriptis,
1205 1195 1422 1251 profiteor
1443 1198 1487 1237 et
1509 1208 1779 1250 recognosco
1805 1194 1940 1237 michi

370 1286 395 1314 a
419 1276 458 1314 {e
481 1272 610 1327 plene
633 1269 913 1311 satisfactum
938 1281 1061 1309 esse.
1087 1267 1370 1309 numerando
1390 1280 1398 1316 ;
1426 1268 1544 1308 unde
1566 1265 1828 1322 excepcioni
1849 1279 1939 1308 non

371 1346 603 1385 numerate
634 1340 844 1397 peccunie
873 1343 916 1381 et
950 1353 1039 1381 non
1070 1339 1204 1380 soluti
1233 1338 1367 1394 precii
1399 1338 1652 1394 specialiter
1671 1341 1716 1380 et
1735 1352 1793 1381 ex
1819 1341 1941 1381 certa

369 1415 557 1457 sciencia
596 1412 824 1455 renuncio.
866 1411 919 1452 Et
953 1411 986 1451 si
1021 1414 1139 1453 stare
1175 1410 1423 1465 predictum
1447 1423 1550 1452 cum
1581 1412 1704 1452 curte
1734 1413 1780 1452 et
1804 1409 1940 1466 perti-

371 1486 539 1529 nenciis
568 1485 660 1527 suis
695 1484 795 1539 plus
827 1483 1002 1525 valet...
1033 1483 1144 1524 illud
1187 1485 1386 1524 totum...
1429 1481 1508 1524 tibi
1548 1485 1593 1524 et
1630 1481 1718 1524 tuis
1758 1482 1934 1524 dono...

369 1558 617 1599 concedens
638 1556 715 1597 tibi
737 1554 1051 1597 auctoritatem
1070 1556 1114 1595 et
1137 1554 1419 1597 mandatum.
1443 1554 1564 1609 quod
1588 1556 1651 1601 tn,
1670 1552 1938 1596 auctoritate

370 1632 460 1677 tua,
487 1629 625 1670 intres
653 1630 697 1668 et
722 1625 1019 1681 adhipiscaris
1049 1625 1301 1667 naturalem
1324 1628 1368 1666 et
1388 1625 1668 1680 corporalem
1690 1623 1938 1680 possessio-

370 1714 471 1742 uem
502 1698 606 1741 dicti
640 1698 799 1745 staris;
837 1700 882 1738 et
908 1696 1086 1738 interim
1115 1709 1197 1750 ego
1219 1696 1445 1738 constituo
1473 1709 1546 1738 me
1568 1695 1834 1738 naturaliter
1858 1696 1937 1738 tu'o

368 1772 549 1813 nomine
577 1770 836 1826 possidere;
878 1772 922 1810 et
960 1768 1176 1823 promitto
1204 1767 1300 1815 tibi,
1332 1767 1450 1810 dicto
1479 1766 1734 1809 Raimundo
1754 1765 1938 1822 Morjuti

368 1842 616 1898 stipulanti,
645 1842 764 1896 quod
804 1843 922 1882 stare
956 1839 1165 1895 superius
1193 1839 1547 1887 confrontatum,
1588 1852 1690 1881 cum
1727 1840 1851 1881 curte
1894 1839 1938 1880 et

369 1912 653 1968 pertinenciis
688 1912 804 1959 suis,
850 1914 890 1953 te
928 1914 972 1953 et
1007 1914 1108 1953 tuos
1145 1924 1428 1953 successores
1468 1923 1649 1965 semper
1686 1909 1855 1952 habere
1894 1911 1939 1951 et

368 1989 517 2027 tenere
539 1984 698 2026 faciam
721 1983 926 2039 quiete...
955 1983 1008 2024 Et
1032 1982 1124 2024 si...
1157 1996 1262 2037 pars
1287 1981 1761 2037 quantulacumque...
1793 1980 1938 2023 evicta

369 2057 554 2098 suerit...
572 2055 721 2110 obligo
746 2055 824 2096 tibi
847 2054 1001 2096 omnia
1024 2055 1141 2096 bona
1162 2065 1250 2109 que
1272 2053 1435 2100 habeo,
1462 2052 1528 2094 vel
1550 2052 1790 2095 habiturus
1813 2065 1931 2101 sum,

367 2131 411 2169 et
437 2128 481 2169 in
510 2128 721 2169 omnibus
758 2126 885 2168 honis
919 2139 1007 2181 que
1035 2126 1181 2167 habeo
1203 2124 1275 2166 vel
1297 2124 1535 2166 habiturus
1556 2137 1658 2166 sum
1677 2137 1935 2179 regressum

368 2200 445 2242 tibi
467 2201 600 2246 dono,
630 2202 674 2240 et
695 2211 959 2253 expressam
980 2197 1061 2239 tibi
1083 2195 1308 2239 constituo
1328 2196 1600 2252 ypothecam
1621 2211 1629 2244 ;
1665 2195 1935 2251 promittens

367 2271 445 2312 tibi
462 2272 583 2326 quod
606 2270 740 2312 nichil
762 2269 860 2312 feci.
874 2304 901 2310 ..
921 2282 1011 2324 quo
1029 2268 1230 2324 predicta
1245 2264 1395 2309 minus
1415 2267 1651 2309 obtineant
1670 2266 1934 2310 firmitatem
1968 2287 1971 2290 *

404 2379 409 2383 .
434 2379 439 2383 .
472 2342 740 2383 renuncians
769 2340 1022 2396 specialiter
1049 2343 1093 2381 et
1120 2352 1335 2394 expresse
1364 2338 1449 2394 legi
1476 2341 1522 2380 et
1546 2338 1633 2394 juri
1654 2337 1934 2394 pel-mittenti

364 2414 433 2456 vel
456 2413 721 2467 indulgenti,
742 2413 861 2467 quod
880 2412 914 2453 si
932 2411 1033 2467 quis
1055 2410 1307 2453 vendiderit
1322 2423 1414 2452 rem
1435 2423 1563 2452 suam
1581 2409 1733 2451 minus
1748 2409 1934 2451 dimidie

363 2485 468 2540 justi
505 2484 654 2540 precii,
689 2484 969 2530 restituatur,
1000 2482 1071 2524 vel
1099 2483 1152 2523 ad
1185 2481 1489 2536 supplendum
1522 2481 1799 2537 sibijustum
1835 2494 1934 2535 pre·

365 2557 510 2601 cium.
543 2555 613 2597 vel
650 2555 800 2597 refuso
835 2555 892 2596 ab
931 2554 1030 2609 ipso
1069 2552 1218 2608 precio
1254 2555 1432 2608 recepto
1468 2553 1525 2594 ad
1565 2565 1661 2594 rem
1700 2551 1932 2594 venditam

368 2627 734 2682 recuperandam;
753 2629 797 2667 et
811 2625 1078 2681 generaliter
1097 2623 1309 2666 omnibus
1325 2624 1475 2680 legum
1495 2626 1541 2666 et
1558 2636 1781 2665 canonum
1805 2622 1934 2665 auxi-

364 2699 487 2740 liis...
508 2698 641 2740 michi
661 2698 786 2739 danti
809 2697 878 2739 vel
901 2697 1114 2738 dantibus
1142 2696 1196 2737 ad
1226 2698 1382 2737 contra
1404 2695 1678 2737 veniendum
1706 2693 1930 2736 auxilium

440 2775 483 2811 rt
512 2770 638 2811 tactis
665 2768 957 2824 corporaliter
984 2766 1279 2809 sacrosanctis
1300 2766 1379 2808 Dei
1401 2766 1648 2821 evangeliis
1667 2765 1784 2822 juro.

420 2841 473 2883 Et
500 2855 582 2883 nos
610 2840 832 2895 Dalpliina
858 2841 913 2881 de
940 2838 1185 2886 Rocafolio,
1211 2851 1292 2893 pro
1322 2837 1452 2880 uobis
1479 2840 1523 2879 et
1549 2837 1735 2879 domino
1757 2837 1926 2891 Ugone,

362 2912 438 2954 Dei
475 2912 623 2967 gracia
656 2912 819 2953 comite
854 2909 1161 2956 Ruthenensi,
1206 2912 1250 2951 et
1288 2908 1442 2951 liberis
1479 2908 1572 2950 suis
1612 2911 1656 2950 et
1690 2907 1928 2964 Hysabellz
