2070 3486
1010 239 1266 280 —664—

358 340 518 380 debent
542 352 548 378 1
581 339 618 377 el
651 334 992 375 ronfrontantur
1013 345 1113 373 cum
1137 332 1254 374 dicto
1278 332 1504 374 viridario.
1530 334 1574 374 ct
1590 335 1693 374 ante
1715 345 1817 374 cum
1846 331 1920 374 via

361 409 533 464 publica
568 411 606 448 et
638 420 737 447 runi
770 408 924 459 puteo.
968 407 1012 445 et
1039 418 1095 445 cx
1131 404 1219 445 alia
1245 417 1345 445 cum
1376 404 1512 444 domo
1539 405 1769 458 quondam
1802 403 1920 445 Petri

357 479 556 521 (tan-noni
587 477 741 518 notarii
773 479 816 518 et
842 476 939 531 [zius
968 474 1147 524 uxoris3

419 552 465 592 131
498 553 639 591 10111111
669 548 740 603 jus
768 547 937 601 integre
966 549 1009 588 et
1043 559 1175 587 usum
1207 545 1330 599 putei
1370 545 1630 601 supradicti,
1662 543 1738 600 qui
1766 547 1849 593 est,
1873 543 1919 586 in

360 625 482 677 parte
511 635 587 661 scu
618 620 659 660 in
691 621 803 661 toto.
835 617 951 658 infra
983 617 1150 658 dictum
1176 617 1320 658 locum
1345 631 1353 664 ;
1385 618 1503 671 quod
1537 616 1609 672 jus
1635 619 1679 658 et
1706 616 1782 671 qui
1812 629 1920 658 usus

357 693 459 734 dicii
490 691 608 746 putei
642 690 769 731 nohis
808 693 852 730 et
879 688 1043 730 nostris
1085 687 1420 730 successorihus
1449 686 1690 743 pertinent,
1717 700 1796 730 seu
1822 700 1922 742 per-

359 764 496 805 tinere
517 762 682 804 debent
709 763 787 802 aut
814 762 1029 815 possunt;

417 834 615 875 sciente>-
637 835 772 886 atque
794 831 1046 886 specialiter
1067 832 1387 885 cognoscentes
1410 829 1612 885 predicta
1633 829 1728 877 tibi,
1746 841 1773 871 a
1790 828 1922 871 nobis

358 906 399 947 in
428 904 652 959 acapitnm
690 902 850 944 tradita
885 905 925 943 et
967 915 1195 953 concessa,
1238 901 1480 947 modicum,
1519 901 1609 943 imo
1637 901 1757 956 quod
1787 899 1923 942 nichil

359 975 577 1024 utilitatis,
603 974 763 1016 afferre
786 973 916 1014 nobis
939 986 1017 1014 seu
1040 972 1204 1015 nostris
1227 972 1579 1024 successoribus,
1605 985 1657 1013 eo
1675 971 1784 1027 quia
1805 984 1923 1013 unus

360 1051 521 1103 putens
563 1046 676 1087 alius
720 1044 835 1087 inira
861 1046 1049 1086 domum
1092 1047 1292 1085 nostram
1320 1045 1373 1085 de
1418 1042 1829 1098 Montepcssulano,
1877 1042 1923 1084 in

360 1119 453 1159 loco
489 1118 631 1158 factus
670 1116 852 1171 apciori.
895 1118 936 1157 ct
978 1117 1141 1157 domus
1184 1115 1353 1157 ibidem
1394 1117 1651 1157 constructa
1687 1127 1789 1156 cum
1830 1113 1924 1156 suis

360 1189 518 1244 plateis
540 1192 583 1229 et
607 1187 825 1229 viridariis
854 1187 977 1234 satis,
1016 1188 1070 1228 ad
1103 1189 1308 1228 nostrum
1338 1189 1381 1228 et
1410 1189 1668 1227 nostrorum
1697 1198 1925 1227 successo-

361 1274 457 1302 rum
479 1259 758 1301 dmnicilium
781 1272 859 1300 seu
878 1258 1206 1300 habitacionem
1232 1257 1398 1299 ibidem
1421 1257 1792 1305 contrahendam,
1818 1255 1925 1298 suli-

358 1345 455 1373 rcre
479 1331 686 1372 videatur
705 1345 712 1377 ;

417 1402 627 1445 Cedinius
668 1401 801 1442 tibi...
842 1403 979 1455 atque
1018 1400 1061 1441 in
1102 1403 1142 1442 te
1180 1413 1231 1442 ac
1272 1402 1372 1441 tuos
1412 1398 1726 1441 transferimus
1767 1412 1926 1441 omnes

356 1473 540 1515 omnino
562 1472 779 1514 acciones.
811 1471 1073 1526 peticiones,
1097 1471 1213 1526 jura,
1244 1471 1642 1519 demandamenta,
1674 1470 1926 1526 possessio-

360 1558 477 1589 nem.
510 1558 587 1585 sen
617 1543 745 1598 quasi
771 1542 1120 1598 possessionem,
1148 1545 1191 1584 et
1212 1541 1549 1597 proprietatem,
1583 1554 1670 1597 quc
1695 1540 1826 1583 nobis
1847 1554 1927 1584 seu

362 1615 524 1658 nostris
553 1614 886 1657 successoribus
917 1616 1194 1669 competunt,
1227 1627 1306 1656 seu
1346 1615 1601 1668 competere
1635 1615 1827 1668 possunt
1855 1611 1927 1654 vel

361 1688 540 1731 debent,
579 1699 714 1740 super
744 1685 954 1740 predictis
983 1684 1053 1726 vel
1082 1685 1386 1739 predictorum
1421 1683 1672 1735 occasione,
1712 1682 1927 1726 facientes

360 1760 403 1799 et
433 1757 756 1799 constituentes
786 1760 825 1798 te
853 1769 1011 1798 verum
1043 1755 1280 1798 dominum
1310 1758 1355 1797 et
1384 1757 1723 1810 procuratorem
1758 1754 1804 1796 in
1825 1760 1926 1797 'rem

362 1831 507 1879 tuam,
540 1828 664 1869 salvo
694 1831 845 1869 tamen
867 1828 1091 1869 duntaxat
1121 1829 1164 1869 et
1184 1826 1439 1882 expressim
1468 1827 1642 1868 retento
1672 1838 1809 1881 super
1828 1837 1928 1880 pre-

361 1900 503 1941 dictis.
529 1900 606 1941 tibi
630 1913 655 1941 a
678 1899 805 1941 nobis
828 1899 945 1941 datis
963 1899 1009 1939 in
1032 1898 1275 1953 acapstum,
1298 1899 1466 1940 directo
1494 1896 1711 1946 dominio,
1740 1895 1928 1939 consilio

361 1974 405 2013 et
432 1971 646 2013 laudimio
675 1971 804 2012 nobis
832 1973 876 2012 et
903 1970 1240 2012 successorihus
1269 1969 1451 2011 nostris.

419 2043 607 2084 Nomine
629 2044 780 2083 autem
803 2041 964 2096 acapiti
985 2041 1246 2096 supradicti,
1273 2043 1490 2096 perpetuo
1510 2043 1553 2082 et
1574 2038 1929 2081 irrevocabiliter

364 2114 635 2162 rewicaturi,
669 2127 747 2154 nos
787 2113 1013 2168 predictus
1041 2113 1280 2167 episcopus
1317 2111 1551 2153 scimus...
1594 2124 1676 2152 nos
1715 2110 1929 2152 habuisse

361 2187 496 2239 atque
527 2185 565 2225 in
599 2187 833 2225 numerata
864 2184 1054 2239 pecunia
1083 2184 1253 2237 integre
1282 2183 1504 2238 recepisse
1537 2196 1563 2224 a
1598 2185 1655 2228 te,
1690 2181 1808 2223 dicto
1837 2193 1929 2223 ma-

361 2256 498 2311 gistro
546 2256 802 2306 Vim-cneio,
857 2255 1039 2309 triginta
1095 2255 1231 2296 libras
1280 2254 1602 2310 melgorienses
1645 2253 1691 2294 in
1738 2252 1929 2308 pecunia

364 2329 611 2368 numerata.
644 2327 764 2381 quod
797 2326 959 2367 eximie
992 2340 1130 2381 penes
1165 2329 1204 2367 te
1243 2325 1374 2367 nichil
1413 2325 1629 2367 remansit
1655 2324 1698 2365 in
1722 2323 1925 2365 debitum

366 2398 432 2438 vel
462 2399 514 2438 ad
546 2397 838 2446 solvcndum;
876 2397 921 2438 in
949 2397 1168 2452 quihus...
1202 2396 1520 2438 renunciamus
1548 2394 1807 2450 excepcioni
1837 2407 1928 2436 non

365 2471 595 2509 numerate
634 2469 819 2523 pecunie
861 2471 905 2510 et
938 2482 1027 2509 non
1067 2468 1205 2509 habiti
1241 2467 1401 2522 aoapit³
1463 2467 1506 2508 Si
1538 2465 1874 2521 veropredicta
1904 2479 1932 2507 a

364 2539 491 2580 nohis
521 2540 597 2581 11111
637 2540 799 2581 tradita
826 2540 868 2581 in
889 2540 1189 2594 acapitum‚...
1221 2539 1421 2594 predicto
1450 2538 1599 2593 precio
1626 2537 1823 2593 amplius
1851 2549 1926 2578 va.-

364 2611 468 2658 lent‚
495 2612 615 2665 quod
638 2611 681 2651 in
705 2610 907 2662 veritate,
930 2624 1045 2657 cum,
1071 2610 1163 2665 jam
1186 2609 1390 2652 adhibita
1411 2608 1651 2664 sollempni
1673 2607 1926 2664 diligencia,

366 2695 453 2722 non
482 2685 634 2736 posset
655 2683 710 2724 ah
731 2682 819 2723 alio
846 2681 1042 2736 amplius
1067 2681 1281 2729 inveniri,
1310 2695 1397 2722 non
1420 2680 1662 2730 credimus,
1688 2679 1759 2721 vel
1786 2678 1927 2721 eciam

365 2766 418 2793 ex
451 2753 762 2794 melioracione
791 2753 992 2808 qualibet
1020 2753 1237 2794 valebunt
1271 2753 1590 2807 imposterum,
1632 2753 1770 2793 totam
1804 2750 1928 2792 illam

368 2823 580 2878 majorem
605 2824 870 2871 valenciam,
897 2824 998 2865 licet
1024 2823 1259 2866 dimidiam
1277 2823 1384 2879 justi
1414 2822 1549 2878 precii
1572 2822 1823 2869 excederet,
1850 2820 1931 2862 tibi

365 2895 482 2937 dicto
512 2896 725 2949 magistro
754 2895 994 2943 Florencio,
1019 2895 1105 2938 cui.
1137 2895 1173 2936 si
1195 2895 1432 2950 diligenter
1459 2893 1753 2936 scrviciorum
1779 2878 1934 2935 altitu-
