2070 3486
753 294 1012 336 -719—

98 401 226 444 copo,
276 388 338 431 sic
382 388 477 429 fieri
523 389 792 444 requirente,
838 390 918 431 hec
955 389 1108 431 omnia
1154 381 1345 443 scripsit,
1397 391 1440 430 et
1478 388 1657 443 signum

100 473 233 503 suum
256 459 327 502 hic
353 460 590 515 apposuits

1047 531 1142 570 (neg.
1168 531 1202 566 E,
1226 530 1283 560 foi.
1305 529 1437 566 3121·⁰).

606 752 777 787 DCXIV.
809 772 851 777 —
880 753 917 787 11
950 752 1032 788 mai
1062 752 1152 788 1254

205 867 366 903 Vento
386 853 526 902 d'une'
546 868 681 902 terre
702 877 817 902 sous
838 867 885 902 la
906 867 1088 902 directe
1108 867 1168 902 de
1189 866 1548 902 Sainte—Marie

708 926 768 962 de
792 926 1039 972 Melgueil.

150 1034 280 1074 Anno
302 1031 533 1074 Dominice
556 1032 882 1074 incarnacionis
905 1032 964 1073 Μ’*
985 1031 1295 1073 ducentesimo
1317 1031 1476 1079 L1111‘0,
1502 1032 1538 1072 V
1554 1031 1654 1074 idus

91 1103 212 1150 maii,
237 1116 319 1159 ego
342 1103 499 1145 Petrus
522 1102 704 1146 Escarit.
731 1106 774 1144 et
795 1116 878 1157 ego
901 1102 1072 1147 Pontia,
1093 1116 1210 1143 uxor
1230 1103 1460 1157 quondam
1491 1103 1654 1144 Mathei

90 1173 273 1221 Escarit,
298 1173 437 1216 tutrix
463 1173 697 1221 Johannis,
723 1177 767 1215 et
796 1174 927 1216 Petri.
959 1177 1002 1216 et
1029 1173 1181 1219 Mario,
1208 1176 1252 1215 et
1281 1174 1519 1223 Bernarde‚
1547 1173 1655 1216 libe-

89 1258 240 1288 rorum
275 1257 479 1287 meorum
506 1247 552 1286 et
577 1244 682 1286 dicti
710 1245 875 1286 Mathei
912 1244 1094 1289 Escarit,
1133 1258 1212 1300 per
1241 1259 1323 1286 nos
1354 1248 1398 1286 et
1437 1258 1516 1300 per
1541 1245 1654 1287 alios

87 1316 327 1364 liberos‚...
354 1315 649 1358 vendimus...
676 1315 753 1357 tibi
789 1316 1041 1357 Raimundo
1075 1315 1245 1358 Escarit
1273 1319 1316 1357 et
1343 1316 1439 1371 ojus
1463 1315 1578 1367 (sic),
1606 1319 1654 1357 ut

85 1387 188 1442 pius
214 1386 422 1429 offerenti
450 1386 494 1428 in
522 1386 884 1442 quibuscumque
910 1386 1103 1428 volneris
1130 1387 1186 1427 ad
1214 1400 1372 1428 omnes
1397 1390 1549 1428 tues...
1576 1401 1652 1428 ex-

84 1457 281 1514 ceptis...
313 1458 439 1501 salvo
469 1460 619 1500 tamen
653 1457 875 1505 dominio,
907 1457 1121 1504 consilio,
1156 1458 1371 1499 laudimio
1399 1461 1443 1499 et
1478 1458 1650 1500 usatico

83 1521 119 1571 ll
141 1529 433 1572 sestariorum
462 1532 506 1571 et
532 1529 696 1571 eimine
718 1529 857 1577 ordei,
893 1532 936 1570 et
963 1542 1042 1570 sex
1065 1529 1353 1571 denariorum
1385 1529 1650 1583 melgorien-

83 1601 201 1644 sium
223 1601 409 1644 domino
427 1601 655 1656 episeopo,
682 1614 761 1656 pro
783 1600 966 1642 ecclesia
988 1603 1147 1642 Sancte
1178 1600 1312 1642 Mai-ie
1340 1602 1394 1642 dr
1417 1601 1646 1655 Meigorim

83 1676 127 1716 et
147 1672 234 1728 ipsi
254 1672 454 1719 ecclesie,
479 1673 592 1714 duas
621 1675 770 1727 partes
798 1671 1032 1727 cujusdem
1055 1672 1179 1727 pecie
1203 1675 1337 1719 terrm
1366 1672 1407 1712 in
1440 1687 1527 1727 qun
1559 1676 1647 1715 totu

83 1743 210 1800 pecie
249 1746 361 1786 terre
397 1746 444 1785 tu
484 1744 624 1785 habes
663 1743 845 1785 tercium
877 1746 1076 1798 partem,
1109 1746 1152 1785 et
1179 1744 1233 1784 de
1266 1746 1359 1785 tota
1387 1744 1511 1799 pecia
1535 1747 1647 1786 terre

82 1817 245 1858 damus
273 1814 443 1857 dictum
471 1814 711 1856 usaticum.

141 1887 234 1937 Quo
267 1889 385 1929 terra
417 1885 617 1941 predicta
647 1885 958 1928 confrontatur
987 1900 1014 1928 a
1043 1886 1195 1928 corina
1234 1900 1334 1928 eum
1373 1886 1643 1942 caupothia.

81 1972 108 2000 a
130 1960 265 2000 vento
292 1970 395 2000 cum
425 1960 541 1999 terra
571 1957 685 1999 Petri
714 1957 913 2004 Aloardi,
939 1958 1056 1999 vallo
1080 1957 1126 1999 in
1155 1958 1330 2010 medio;
1356 1958 1414 1999 ab
1435 1957 1645 2013 aquilone

81 2042 184 2071 cum
213 2030 331 2071 terra
356 2028 513 2070 uxoris
534 2028 761 2069 Guillelmi
788 2028 1016 2075 Ferrandi‚
1048 2042 1075 2070 a
1101 2028 1232 2070 circio
1260 2041 1362 2071 cum
1391 2031 1509 2070 terra
1538 2028 1645 2071 libe-

81 2113 233 2143 rorum
255 2100 485 2155 quondam
508 2099 691 2141 Arnaldi
715 2099 964 2142 Cathalani.

140 2171 224 2214 Pro
265 2171 348 2213 hac
380 2173 533 2212 autem
569 2170 827 2213 venditione
861 2171 1105 2213 habuimus
1140 2175 1184 2213 et
1226 2171 1476 2227 recepimus
1516 2185 1541 2214 a
1582 2175 1640 2220 te,

81 2242 264 2285 nomine
292 2241 451 2297 precii,
487 2243 540 2284 de
564 2243 742 2284 duabus
765 2242 967 2297 partibus
991 2243 1188 2298 predicte
1217 2246 1332 2285 terre
1354 2243 1640 2298 supradictis,

80 2314 154 2355 XL
175 2313 360 2361 solidos,
391 2326 585 2368 quorum
609 2327 747 2368 penes
771 2316 811 2355 te
834 2313 968 2355 nichil
990 2316 1044 2356 de
1064 2314 1151 2355 illis
1174 2315 1390 2356 remansit
1409 2315 1476 2356 vel
1502 2315 1642 2357 eciam

78 2385 135 2427 ad
157 2384 452 2431 solvendum;
478 2384 523 2425 in
545 2384 713 2439 quibus
739 2385 951 2427 renuneio
974 2386 1202 2441 exeptioni
1229 2400 1316 2427 non
1341 2386 1491 2427 habito
1513 2400 1643 2440 pocu-

79 2456 166 2498 nie.
198 2456 251 2498 Et
277 2455 313 2497 si
345 2456 446 2511 plus
473 2456 591 2498 dicto
626 2456 773 2511 precio
805 2457 886 2498 hec
915 2457 1112 2499 venditio
1138 2457 1257 2499 valet
1281 2457 1350 2498 vol
1372 2457 1415 2498 in
1440 2457 1641 2498 futurum

78 2526 261 2575 valebit.
292 2527 507 2581 duplum,
543 2527 726 2582 triplum
753 2528 818 2569 vel
842 2527 983 2570 eciam
1010 2528 1223 2583 amplius,
1255 2528 1363 2570 illud
1394 2531 1536 2570 totum
1561 2528 1639 2569 tibi

74 2601 120 2640 et
155 2598 242 2640 tuis
278 2599 527 2646 d011amus;
568 2601 612 2640 et
645 2598 725 2640 tibi
758 2598 993 2654 stipulanti
1021 2599 1328 2654 promittimus
1365 2600 1485 2654 quod
1527 2599 1639 2640 hanc

77 2669 386 2711 venditionem
407 2671 451 2710 et
471 2669 552 2711 hec
573 2669 727 2711 omnia
747 2669 877 2711 firma
898 2673 1147 2717 teneamus,
1171 2673 1214 2712 et
1231 2674 1386 2712 contra
1408 2683 1638 2725 nunquam

78 2739 336 2784 veniamus.
367 2740 424 2781 ab
462 2739 584 2782 omni
606 2740 936 2782 contradicente
966 2754 1146 2796 semper
1169 2741 1266 2797 jure
1296 2741 1633 2782 dei't'endemus:

74 2813 119 2853 et
145 2810 181 2852 si
203 2810 311 2865 quid
341 2810 442 2851 inde
464 2810 708 2865 aliquando
729 2810 931 2852 ablatum
955 2812 1023 2853 vel
1045 2811 1241 2853 evictum
1268 2812 1343 2853 tibi
1365 2812 1462 2866 jure
1484 2811 1629 2858 tuerit,

75 2884 218 2924 totum
249 2881 326 2923 tibi
355 2884 398 2923 et
437 2881 523 2922 tuis
559 2882 871 2929 1·es[ituemns;
909 2885 953 2923 et
985 2896 1073 2924 non
1100 2883 1356 2924 diximus...
1391 2882 1634 2937 quominus

74 2952 275 3008 predicta
295 2952 449 2995 omnia
468 2955 513 2994 et
534 2953 709 3008 singula
729 2953 773 2994 in
796 2967 878 2995 sua
900 2957 1195 3009 permaneant
1217 2954 1454 3001 firmitate;
1476 2966 1637 2995 renun-
