2070 3486
973 281 1232 324 -590-

325 381 453 423 Petro
487 382 538 421 de
583 383 743 421 sancia
784 379 920 420 Maria
950 382 993 420 et
1031 379 1343 432 ι910111111110110
1374 380 1539 419 sancta
1576 377 1736 425 Maria,
1779 377 1883 420 siliis

325 452 452 497 meis,
485 454 526 492 el.
556 451 730 497 vestris,
763 453 805 491 et
832 449 901 491 eui
926 449 993 491 vel
1017 449 1181 504 quibus
1212 448 1573 504 1·01inquetis‚‘ad
1603 462 1762 491 omnes
1786 462 1884 491 ves-

325 527 414 565 tras
447 527 488 564 et
527 525 778 564 vestrorum
810 521 1119 563 voluntates...
1150 520 1193 561 iu
1229 520 1412 562 francho
1439 520 1607 567 alodio,
1640 520 1735 561 sine
1759 520 1882 562 omni

320 594 671 636 c‹›ntrmlirtione
694 600 808 639 mea,
847 592 1125 638 retencione,
1153 592 1438 647 excepcione.
1475 591 1781 646 appellacioue
1810 591 1882 633 vel

321 666 504 707 alterius
534 678 798 719 persone,...
839 666 978 705 totam
1008 663 1216 704 videlicet
1252 676 1387 704 unam
1430 663 1601 717 peciam
1633 665 1746 704 terre
1779 675 1880 704 cum

321 737 532 778 omnibus
562 735 923 790 pertinenciis...
955 748 1042 790 que
1071 734 1133 788 (l)
1175 738 1243 776 est
1271 734 1313 775 in
1349 733 1591 775 decimaria
1634 733 1784 775 Sancti
1820 733 1882 788 (Ξ)

323 808 538 863 Stephani
562 809 614 849 ‹le
642 807 889 855 Villanova,
917 806 959 847 iu
986 808 1198 847 tenezoue
1221 807 1275 847 ‹le
1298 806 1558 846 Domenova
1579 820 1587 851 ;
1613 807 1655 847 et
1676 804 1883 846 confron-

322 882 442 921 talur
467 893 523 921 ex
551 892 641 920 uua
670 882 793 932 parte
815 891 917 919 011111
948 878 1116 919 honore
1155 876 1382 919 Guill‹=l1ni
1411 877 1610 927 Saverie,
1642 879 1685 918 et
1711 890 1767 918 cx
1794 876 1884 918 alia

322 964 420 991 enm
447 951 614 991 honore
643 950 820 990 Audi-ee
850 948 934 1005 [de]
967 948 1162 993 Veruna,
1198 962 1253 989 ex
1287 948 1427 989 altera
1457 961 1557 989 eum
1587 947 1777 989 carreria
1802 961 1883 1002 pu-

323 1021 449 1063 blica.
479 1034 565 1075 que
593 1020 801 1061 discurrit
827 1021 880 1061 ad
912 1022 1098 1075 puteum
1131 1020 1185 1061 ‹le
1210 1020 1486 1060 Domenova.
1519 1022 1562 1060 et
1589 1032 1644 1061 ex
1672 1019 1758 1060 alia
1779 1031 1881 1061 cum

321 1093 489 1134 honore
521 1092 742 1133 infantum
772 1093 826 1133 de
855 1090 1095 1146 Vaugeria.

379 1163 568 1205 Nomine
596 1166 747 1204 autem
778 1163 912 1218 hujus
940 1162 1162 1217 presentis
1191 1161 1523 1203 vendicionis...
1564 1161 1780 1216 profiteor
1812 1174 1885 1204 me

320 1250 342 1277 a
375 1235 504 1277 vobis
529 1234 588 1287 (3)
622 1235 837 1276 habuisse
870 1235 947 1276 XX
981 1234 1118 1276 libras
1146 1223 1484 1290 melgorienses,
1519 1233 1702 1275 nomine
1730 1233 1881 1289 precii,

321 1320 433 1362 quos
476 1306 612 1347 miehi
655 1307 768 1348 bene
815 1309 858 1347 et
896 1305 1067 1361 integre
1100 1305 1375 1352 exsolvistis,
1418 1319 1527 1347 vera
1566 1304 1884 1359 numeracione

320 1377 662 1421 interveniente,
694 1376 964 1419 renuncians
992 1376 1300 1431 expressim...
1327 1376 1589 1431 excepcioni
1617 1388 1705 1417 non
1732 1375 1883 1418 habite

319 1448 586 1503 peccunie...
612 1448 738 1498 Quod
760 1448 943 1502 quidem
966 1448 1165 1502 predicta
1187 1447 1311 1502 pecia
1335 1450 1451 1489 terre
1475 1446 1660 1488 vendita
1685 1446 1882 1501 amplius

318 1520 439 1561 valet
478 1519 625 1574 precio
664 1519 935 1574 supradicto,
983 1522 1125 1560 totum
1168 1519 1332 1561 illud...
1374 1519 1501 1560 vobis
1539 1517 1749 1573 predictis
1778 1517 1882 1560 filiis
1928 1513 1935 1518 ’

319 1591 431 1632 meis
459 1591 631 1632 dono...
665 1604 736 1632 me
764 1590 1124 1633 disvestiendo...
1170 1593 1213 1632 et
1240 1590 1365 1632 omni
1400 1590 1487 1645 juri
1514 1602 1615 1632 meo
1643 1592 1687 1631 et
1713 1588 1882 1631 racioni

316 1663 606 1706 abrenuncio.
634 1663 814 1704 tradens
843 1665 887 1703 et
913 1663 1162 1704 concedens
1194 1662 1321 1703 vobis
1357 1661 1498 1716 ipsius
1534 1660 1737 1717 ejusdem
1759 1660 1883 1716 pecie

319 1736 449 1781 terre,
480 1733 525 1774 in
554 1733 702 1775 alodio
726 1733 855 1775 vobis
884 1734 1081 1782 vendite,
1105 1733 1385 1788 corporalem
1412 1733 1752 1788 apprehendere
1780 1745 1885 1787 pos-

318 1805 622 1846 sessionem...
651 1805 918 1860 promittens
940 1806 1070 1847 vobis
1102 1805 1424 1860 stipulantibus
1452 1806 1573 1860 quod
1604 1804 1751 1859 ipsam
1778 1817 1883 1846 ean-

318 1877 417 1918 dem
442 1879 555 1918 terre
582 1876 807 1931 peciam...
832 1877 877 1917 in
898 1876 995 1932 jure
1018 1877 1147 1918 vobis
1169 1879 1213 1918 et
1231 1876 1390 1918 vestris
1410 1876 1722 1918 deflendam...
1750 1875 1881 1917 vobis

318 1950 360 1988 et
389 1947 549 1989 vestris
584 1961 654 1989 me
689 1951 732 1989 et
758 1949 877 1990 bona
903 1961 1005 1990 mea
1035 1948 1265 2003 presencia
1304 1951 1347 1990 et
1386 1947 1538 1989 futura
1563 1947 1714 2001 obligo
1742 1949 1786 1989 et
1811 1959 1882 1988 as-

320 2018 479 2073 tringo,
524 2019 792 2061 renuncians
838 2033 975 2075 super
1009 2019 1095 2060 hiis
1134 2020 1340 2062 consulta
1376 2019 1632 2075 exceptioni
1672 2021 1880 2064 velleiani

319 2093 501 2132 senatus
529 2091 735 2138 consulti,
761 2094 805 2133 et
833 2091 1085 2146 specialiter
1113 2092 1270 2147 juratis
1292 2091 1410 2133 dotis
1437 2095 1481 2133 et
1510 2091 1727 2134 beneficio
1756 2093 1881 2135 resti-

319 2161 525 2204 tucionis.
557 2165 599 2204 et
627 2163 747 2204 omni
778 2163 853 2204 alii
878 2163 1049 2205 auxilio
1071 2166 1115 2205 et
1142 2163 1360 2205 beneficio
1389 2177 1479 2218 quo
1506 2167 1658 2205 contra
1682 2164 1882 2219 predicta

318 2233 388 2274 vel
417 2237 568 2275 contra
597 2234 779 2289 aliquod
795 2235 856 2289 (4)
884 2235 1188 2290 predictorum
1213 2235 1381 2282 venire,
1409 2235 1479 2277 vel
1503 2248 1574 2277 me
1599 2235 1760 2291 juvare
1778 2250 1881 2291 pos-

318 2317 412 2346 sem
442 2305 532 2346 ullo
560 2307 720 2347 modo:
752 2307 1021 2361 promittens
1050 2307 1209 2349 iterato
1249 2311 1293 2349 et
1327 2308 1484 2362 jurans
1517 2307 1647 2349 vobis
1688 2321 1767 2363 per
1799 2309 1882 2351 hec

318 2379 469 2418 sancta
508 2378 581 2418 Dei
610 2379 855 2433 evangelia,
896 2392 923 2420 a
958 2392 1029 2420 me
1063 2382 1204 2425 tacta,
1243 2380 1363 2434 quod
1392 2379 1474 2421 hec
1500 2379 1653 2421 omnia
1680 2380 1881 2435 predicta

315 2447 447 2489 firma
474 2451 513 2489 et
540 2449 814 2491 incommota
832 2452 994 2492 tenebo
1016 2454 1059 2492 et
1079 2451 1348 2498 custodiam,
1383 2454 1426 2493 et
1449 2465 1680 2506 nunquam
1704 2455 1880 2494 contra—

320 2519 471 2560 venire
500 2519 675 2562 faciam.
702 2522 769 2562 vel
801 2522 953 2563 venire
977 2521 1130 2577 paciar
1151 2522 1241 2564 ullo
1270 2524 1458 2564 modo...

378 2590 545 2632 Horum
578 2594 712 2633 testes
744 2596 847 2634 sunt
869 2593 1137 2636 Guillelmus
1160 2594 1335 2636 Valleta
1363 2595 1664 2650 jurisperitus.
1692 2596 1738 2636 P.
1770 2595 1878 2637 Ver-

367 2768 413 2811 1¹12>
444 2768 569 2804 Cart:
593 2770 708 2815 quod.

364 2828 409 2867 (2,
445 2828 568 2863 Ceu-ta
592 2829 679 2864 Sibi.

366 2886 412 2930 Ἰ13)
443 2888 566 2923 (λυ-ια
593 2900 667 2923 ros.

368 2946 414 2992 ¹4)
443 2948 567 2983 Cart:
591 2949 786 2995 aliquam.
