2070 3486
1010 291 1269 333 -690—

419 390 581 432 Verum
612 390 841 431 sciendum
866 390 947 433 est,
973 388 1092 442 quod
1116 400 1197 440 ego
1226 390 1269 428 et
1292 386 1378 428 mei
1401 400 1698 436 successores,
1730 391 1774 430 et
1800 389 1920 431 bona

362 476 475 504 mea.
511 463 715 515 bonaque
742 460 973 514 quondam
1002 458 1104 499 ‹licti
1144 457 1283 512 patris
1318 457 1405 499 mei
1438 460 1480 499 et
1512 448 1716 507 suorum,
1754 459 1922 502 erimus

362 548 385 574 a
417 533 542 573 vobis
569 535 608 573 et
637 531 797 573 vesti-is
826 529 1160 571 successoribus
1187 528 1313 569 liberi
1335 531 1379 570 et
1404 528 1599 571 absoluti
1627 531 1683 571 ab
1711 530 1924 573 omnibus

365 603 448 645 liiis
477 606 515 643 el
547 602 733 657 singulis
761 614 863 656 que,
905 601 947 641 in
970 600 1098 642 dictis
1120 599 1244 646 loeis,
1268 612 1347 641 seu
1368 613 1449 654 pro
1477 599 1586 655 ipsis
1610 600 1732 649 locis,
1763 614 1842 643 seu
1865 602 1923 644 ab

362 675 588 729 aliquibus
619 672 842 728 personis,
876 671 1057 713 nomine
1091 671 1159 712 vel
1193 671 1427 713 occasione
1464 670 1666 726 ipsorum
1702 671 1920 722 locorum,

361 760 387 786 a
416 745 544 786 nobis
565 757 851 799 quocumque
882 743 1015 784 modo
1043 756 1121 784 seu
1150 742 1208 783 ab
1235 741 1387 796 aliquo
1409 745 1682 790 nostrorum,
1707 755 1850 798 usque
1878 742 1924 785 in

359 816 625 858 hodiernum
655 815 796 857 (lieni.
833 814 998 855 habitis
1032 816 1075 854 et
1102 812 1308 868 receptis,
1339 816 1491 868 petere
1516 813 1585 854 vel
1612 813 1793 868 exigere
1821 827 1924 869 pos-

358 887 486 934 setis;
519 887 577 928 ita
606 887 723 941 quod
757 886 854 940 ipsa
884 884 1038 927 omnia
1067 897 1147 939 per
1176 898 1255 925 vos
1289 886 1334 925 et
1368 887 1542 926 vestros
1569 887 1613 926 et
1640 897 1923 928 successores

358 958 664 1011 intelligantur
684 971 782 999 esse
806 956 1008 1004 remissa,
1043 969 1130 1011 que
1163 969 1189 996 a
1216 954 1348 997 nobis
1377 968 1455 997 seu
1483 955 1636 1011 aliquo
1663 958 1922 998 nostrorum

357 1032 459 1070 sunt
477 1031 706 1084 percepta;
724 1030 767 1069 et
781 1027 1009 1082 acapitoru
1019 1040 1060 1068 m
1077 1025 1303 1073 daciones,
1324 1039 1404 1080 per
1425 1039 1506 1067 nos
1528 1039 1605 1068 seu
1626 1039 1705 1082 per
1723 1026 1922 1082 aliquem

357 1103 613 1141 nostrorum
636 1098 914 1154 quibuslibet
940 1097 1146 1153 personis
1174 1109 1385 1139 concesse
1407 1096 1451 1138 in
1473 1097 1603 1139 dictis
1624 1097 1748 1146 locis,
1774 1097 1820 1139 in
1841 1110 1924 1140 sua

356 1184 535 1226 semper
562 1170 777 1212 firmitate
805 1169 1069 1212 consistant.

414 1242 491 1284 Est
519 1245 669 1284 tamen
698 1241 931 1283 sciendum
959 1241 1081 1296 quod
1109 1241 1164 1282 de
1192 1243 1340 1282 cetero
1369 1239 1541 1282 usatica
1569 1242 1613 1282 et
1633 1253 1810 1290 census,
1836 1253 1924 1296 que

355 1313 499 1368 etqui
539 1327 617 1368 pro
653 1313 762 1368 ipsis
799 1312 986 1367 acapitis
1020 1311 1151 1353 nobis
1186 1311 1377 1367 prestari
1417 1312 1670 1360 debebant,
1709 1312 1842 1354 vobis
1867 1313 1924 1355 de

355 1389 501 1427 cetero
522 1385 867 1440 prestabuntur;
890 1386 934 1425 et
956 1383 1171 1431 dominia,
1197 1382 1386 1425 consilia
1414 1386 1458 1425 et
1483 1383 1701 1426 laudimia
1719 1383 1923 1439 ipsorum

355 1456 651 1511 ncapitornm,
680 1458 722 1497 et
756 1468 842 1511 que
877 1468 933 1496 ex
964 1454 1072 1509 ipsis
1101 1454 1391 1509 provenient,
1424 1455 1479 1496 de
1506 1457 1653 1496 cetero
1680 1455 1736 1496 ad
1764 1468 1847 1497 vos
1879 1457 1924 1497 et

358 1540 636 1568 successores
658 1529 834 1568 vestros
860 1525 1055 1568 totaliter
1079 1525 1384 1580 pertinebunt.

419 1598 688 1640 Promittens
716 1601 760 1639 et
785 1597 1061 1639 conveniens
1089 1596 1246 1648 vobis,
1288 1595 1462 1652 prefato
1497 1596 1682 1638 domino
1709 1596 1922 1652 episcopo

360 1669 608 1725 stipulanti,
641 1670 761 1724 quod
789 1671 944 1710 contra
971 1681 1038 1717 ea,
1076 1682 1163 1723 que
1198 1668 1241 1708 in
1278 1668 1361 1710 hac
1396 1671 1518 1710 carta
1555 1667 1763 1723 superius
1783 1668 1924 1710 conti—

360 1744 537 1789 nentur,
570 1754 803 1796 nunquam
831 1743 986 1782 contra
1013 1739 1211 1788 veniam,
1243 1753 1324 1781 nee
1351 1739 1496 1781 dicam
1526 1739 1596 1781 vel
1623 1738 1785 1782 faciam
1812 1753 1922 1795 quo-

360 1812 508 1853 minus
530 1812 610 1853 hec
628 1811 781 1853 omnia
802 1811 1060 1866 supradicta
1080 1811 1125 1852 in
1146 1825 1227 1852 sua
1249 1824 1429 1866 semper
1447 1812 1662 1852 maneant
1684 1809 1919 1859 tirinitate;
1941 1803 1946 1808 ’

358 1885 435 1925 sed
454 1884 535 1925 hec
556 1883 708 1925 omnia
727 1882 787 1924 ita
809 1883 1035 1938 complere
1057 1878 1106 1924 etv
1121 1883 1364 1924 observare
1387 1881 1616 1937 promitto,
1637 1884 1771 1937 prout
1791 1895 1923 1937 supe-

358 1955 449 1996 rius
469 1958 537 1996 est
557 1968 841 2010 expressum,
868 1968 948 2009 per
970 1953 1105 1995 iidem
1134 1967 1283 1995 meam
1314 1953 1529 2008 plevitam
1558 1956 1603 1995 et
1629 1953 1918 2008 requisitam;

359 2040 493 2080 super
526 2026 634 2074 hiis,
672 2029 819 2068 certus
848 2026 902 2067 de
930 2025 1046 2067 facto
1073 2028 1118 2066 et
1145 2026 1200 2066 de
1238 2026 1336 2080 jure
1363 2024 1620 2073 consultus,
1654 2023 1922 2067 renuncians

359 2097 480 2139 omni
507 2097 592 2152 juri
621 2111 710 2152 quo
737 2110 919 2152 possem
946 2096 1094 2152 juvari
1129 2097 1182 2138 ad
1220 2096 1654 2138 contraveniendum
1682 2095 1918 2151 predictis;

420 2168 572 2209 Sciens
594 2171 799 2223 preterea
820 2171 863 2210 et
883 2182 1208 2223 recognoscens
1228 2169 1299 2210 me
1321 2181 1348 2210 a
1368 2167 1515 2216 vobis,
1540 2166 1716 2222 prefato
1736 2167 1922 2210 domino

358 2239 583 2294 episcopo.
604 2239 815 2281 habuisse
838 2239 1123 2294 etrecepisse
1142 2239 1340 2294 plenarie
1363 2239 1662 2286 numerando,
1684 2240 1788 2293 post
1809 2238 1925 2281 hanc

358 2310 669 2353 donacionem.
710 2310 991 2352 solucionem·
1020 2315 1064 2352 et
1097 2310 1422 2358 ‹·essi011e111‚a
1462 2323 1532 2351 me
1572 2309 1702 2352 vobis
1739 2308 1920 2358 factam,

358 2381 538 2423 nomine
572 2382 916 2436 composicionis
954 2396 1032 2423 seu
1069 2381 1384 2424 transactionis
1424 2380 1707 2437 hujusmodi,
1743 2380 1924 2436 triginta

358 2451 492 2494 libras
517 2453 851 2507 melgorienses,
879 2453 921 2494 in
945 2453 1110 2508 quibus
1133 2453 1347 2495 renuncio
1369 2452 1631 2508 excepcioni
1651 2465 1741 2494 non
1764 2465 1925 2494 nume-

360 2526 451 2565 rate
472 2524 659 2578 pecunie
688 2527 731 2566 et
756 2538 845 2566 non
874 2527 1072 2579 recepte3
1104 2538 1192 2579 que
1219 2524 1403 2580 quidem
1432 2537 1570 2579 penes
1602 2537 1674 2566 me
1701 2526 1745 2566 et
1772 2536 1919 2568 meos.

361 2597 403 2636 et
431 2609 545 2650 quos
572 2595 773 2644 voluero,
804 2598 1023 2651 perpetuo
1052 2596 1366 2638 remanebunt.

418 2738 470 2779 Et
491 2752 571 2780 nos
590 2737 796 2796 l'[etrus],
818 2738 973 2780 ‹livina
994 2738 1289 2781 miseracione
1307 2738 1640 2794 Magalonensis
1661 2737 1916 2794 episcopus,

359 2809 549 2851 scientes
570 2813 612 2851 et
637 2823 738 2852 vere
759 2813 1081 2864 cognoscentes
1104 2810 1218 2852 lianc
1235 2809 1611 2866 compositionem
1633 2809 1922 2852 amicabilem

357 2894 435 2922 seu
466 2881 818 2922 transnccionem
847 2881 1009 2923 factam
1038 2894 1137 2923 esse
1161 2881 1275 2923 inter
1296 2894 1378 2923 nos
1411 2895 1469 2923 ex
1496 2894 1587 2922 una
1608 2883 1760 2936 parte,
1797 2883 1842 2923 et
1878 2882 1920 2923 te

361 2952 639 2994 Bernardum
659 2953 714 2994 de
738 2952 856 2994 Latis
887 2952 1137 3008 predictum
1159 2967 1216 2994 ex
1246 2952 1388 2995 altera
1429 2955 1473 2995 et
1502 2965 1586 2994 nos
1631 2951 1710 2994 tibi
1739 2951 1919 2995 dedisse
