2070 3486
739 382 790 386 —
828 357 912 399 799
946 383 998 387 —

87 450 132 490 et
149 450 449 490 mercatorum
470 450 756 504 Seniensium.
784 465 863 506 pro
884 452 1013 493 nobis
1035 456 1078 493 et
1101 452 1224 507 ipsis,
1251 467 1300 495 ac
1319 452 1417 495 aliis
1439 453 1651 496 omnibus

87 521 132 561 et
160 519 348 575 singulis
376 520 507 562 sociis
536 521 700 562 nostris
727 524 771 563 et
797 522 1071 576 quibuslibet
1101 525 1154 565 de
1183 524 1419 571 societate,
1459 525 1649 567 scientes

87 589 130 632 in
155 590 341 636 veritate
370 591 564 633 fatemur
590 595 633 633 et
660 593 972 645 cognoscimus
1003 594 1153 637 vobis.
1192 595 1375 636 domino
1409 595 1649 638 Guillclino

85 661 364 709 Christofori,
385 662 595 718 episcopo
610 664 1061 719 Magalonensi,quo‹l
1079 665 1121 706 in
1139 666 1514 721 acquittacionem
1531 666 1649 710 illius

84 733 222 776 debiti
252 737 568 776 sexcentarum
597 734 813 775 librarum
847 736 1186 781 turonensium,
1223 738 1342 791 quod
1383 737 1518 779 frater
1552 738 1651 780 Rai-

85 805 283 847 mundus
303 804 518 846 ⁴&thrandi
535 807 578 846 et
602 804 737 846 frater
753 805 945 847 Jacobus
962 807 1015 847 de
1032 806 1238 849 Cauchis.
1256 808 1426 849 ordinis
1442 808 1649 850 Fratrum

86 875 329 924 Minoi-uni,
350 889 429 931 pro
453 876 648 930 negociis
673 877 787 918 hone
813 877 1028 918 memorie
1048 877 1220 918 domini
1239 878 1351 920 lletri
1370 879 1424 920 de
1439 879 1644 923 Conchis.

87 946 416 1003 predecessoris
445 947 598 995 vestri,
635 947 763 1002 cujus
793 951 895 989 tunc
923 951 1050 989 erant
1079 953 1389 1003 procuratores
1423 953 1466 991 et
1500 950 1649 992 nuncii

86 1019 131 1061 in
166 1019 289 1061 curia
317 1018 489 1060 domini
522 1019 656 1074 Pape.
689 1032 790 1060 cum
820 1019 1145 1074 prenominatis
1173 1034 1252 1061 seu
1286 1021 1558 1075 quibusdam
1591 1035 1648 1063 ex

85 1089 200 1139 aliis,
231 1102 311 1132 seu
337 1103 394 1131 ex
425 1089 533 1145 ipsis
561 1090 693 1132 sociis
725 1090 905 1132 nostris.
939 1090 1128 1131 firmiter
1154 1094 1490 1134 contraxerunt.
1519 1096 1651 1147 prout

86 1160 131 1202 in
169 1160 470 1203 instrumento
509 1161 611 1203 inde
656 1161 772 1203 facto
808 1161 985 1216 plenius
1023 1161 1301 1213 continetur,
1349 1162 1591 1204 habuimus
1624 1177 1650 1205 a

86 1231 215 1274 vobis
237 1235 282 1274 et
308 1232 478 1286 integre
516 1233 796 1287 recepimus,
838 1232 880 1273 in
911 1232 1101 1287 pecunia
1139 1236 1400 1281 numerata,
1448 1234 1650 1276 residuas

84 1306 264 1345 eentum
284 1306 329 1345 et
349 1303 678 1359 quinquaginta
699 1303 836 1345 libras
859 1306 1140 1351 turonenses,
1158 1316 1242 1359 que
1260 1305 1314 1346 de
1333 1304 1530 1359 predicto
1550 1319 1651 1346 sex-

85 1376 315 1417 centarum
346 1374 562 1416 librarum
590 1374 742 1416 debito
771 1375 1068 1417 remanebant
1094 1374 1253 1416 ultimo
1281 1377 1337 1417 ad
1361 1375 1646 1418 solvendum.

145 1445 259 1488 Item
294 1445 451 1501 viginti
483 1445 684 1501 quinque
720 1445 857 1487 libras
894 1449 1160 1488 turonenses
1194 1460 1275 1501 pro
1310 1447 1531 1502 dampnO,
1574 1461 1651 1489 ex-

86 1517 239 1574 pensis
269 1519 313 1559 et
346 1516 578 1565 interesse,
616 1517 747 1572 ac(l)
782 1531 862 1573 pro
894 1517 1107 1559 omnibus
1134 1517 1233 1559 aliis
1261 1520 1305 1559 et
1327 1518 1514 1573 singulis
1542 1532 1644 1574 que,

86 1591 297 1644 pretextu
331 1588 401 1630 vel
447 1588 681 1631 occasione
718 1588 904 1645 predicti
944 1588 1107 1636 debiti,
1146 1588 1237 1644 peti
1276 1592 1462 1644 possent
1497 1589 1649 1645 aliqua

20 1648 24 1652 ⁴
86 1659 273 1702 ratione.

145 1732 190 1773 In
225 1731 391 1787 quibus
424 1734 605 1774 centuni
645 1731 975 1787 quinquaginta
1009 1734 1053 1773 et
1087 1731 1244 1787 viginti
1285 1731 1486 1789 quinque
1524 1732 1649 1774 libris

85 1802 404 1844 turonensibus
425 1803 651 1858 predictis,
685 1802 1002 1844 renunciamus
1026 1802 1285 1857 cxcepcioni
1306 1816 1390 1843 non
1417 1806 1648 1844 numerate

84 1873 271 1930 pecunie
302 1876 346 1915 et
376 1886 465 1915 non
499 1873 660 1915 solute.
693 1873 744 1916 Et
771 1873 871 1915 ideo
900 1887 998 1921 nos,
1030 1873 1216 1929 predicti
1245 1876 1532 1926 mercatores,
1569 1888 1649 1929 pro

85 1944 216 1987 nobis
243 1947 286 1987 et
312 1944 525 1986 omnibus
552 1958 601 1987 ae
630 1944 817 2000 singulis
846 1945 977 1986 sociis
1006 1945 1185 1992 nostris,
1212 1958 1267 1987 ex
1295 1947 1415 1987 certa
1445 1945 1645 1993 scientia,

82 2015 353 2071 generaliter
373 2018 417 2058 et
437 2029 650 2071 expresse
674 2016 1036 2071 recognoscimus
1074 2016 1217 2063 vobis,
1244 2015 1442 2071 predicto
1464 2016 1648 2058 domino

82 2086 310 2142 episeopo,
332 2089 452 2143 quod
480 2088 534 2129 de
565 2090 656 2129 toto
686 2087 1054 2142 p1·edicto‹.lebil.‹›
1076 2087 1309 2142 principali
1331 2090 1646 2130 sexcentarum

83 2158 299 2200 librarum
330 2158 657 2205 turonensium,
690 2162 733 2201 et
754 2160 808 2201 de
831 2159 953 2200 omni
976 2160 1190 2214 dampno,
1217 2158 1446 2214 expensis,
1471 2161 1515 2201 et
1537 2159 1648 2200 inte-

81 2243 219 2278 resse,
244 2243 294 2272 ac
321 2229 533 2272 omnibus
555 2233 597 2272 et
620 2230 809 2285 singulis
831 2245 918 2286 quc
939 2243 1156 2285 unquam,
1189 2230 1354 2272 intuitu
1376 2233 1453 2271 aut
1477 2230 1647 2272 ratione

81 2301 224 2357 ipsius
244 2301 408 2350 debiti,
439 2301 531 2358 peti
570 2305 777 2357 poterant
810 2302 1150 2357 quoquomodo,
1177 2304 1245 2343 est
1276 2301 1406 2343 nobis
1441 2305 1484 2343 et
1517 2301 1648 2343 sociis

82 2372 248 2414 nostris
277 2372 490 2415 omnibus
522 2376 567 2415 et
598 2373 811 2428 singulis,
837 2374 954 2415 bona
987 2376 1030 2415 et
1062 2372 1268 2415 concordi
1308 2372 1649 2428 computacione

82 2442 425 2491 interveniente,
442 2443 641 2499 plenarie
658 2447 701 2486 et
714 2444 918 2499 legaliter
938 2443 1216 2486 satisfactum
1234 2459 1241 2490 ;
1268 2444 1329 2485 ita
1347 2444 1466 2498 quod
1484 2443 1649 2485 exinde

83 2528 221 2570 penes
244 2528 325 2557 vos
350 2515 422 2558 vel
450 2518 624 2558 vestros
647 2530 735 2557 non
764 2518 965 2558 remanet
984 2515 1154 2571 aliquid
1174 2516 1229 2557 ad
1253 2515 1538 2557 solvendum.

142 2585 194 2628 Et
208 2589 445 2642 propterea
460 2600 756 2642 quamquam,
777 2589 831 2629 de
848 2586 1036 2642 singulis
1053 2586 1361 2628 solucionihus
1377 2586 1479 2628 inde
1501 2585 1642 2633 saetis,

82 2657 441 2713 recogniciones,
481 2658 811 2701 absolucioncs.
853 2658 1151 2714 quittaciones
1185 2661 1228 2700 ct
1269 2657 1494 2699 cessiones
1532 2656 1644 2698 facte

81 2728 248 2771 fuerint
273 2729 539 2785 singulares,
571 2731 705 2772 modo
732 2730 1002 2786 generaliter
1027 2733 1070 2772 et
1099 2729 1268 2785 precise
1299 2742 1378 2771 vos
1401 2731 1442 2770 et
1472 2731 1646 2769 vestros

77 2813 386 2847 successores,
421 2814 517 2849 res,
549 2801 667 2843 bona
696 2805 739 2844 et
774 2801 873 2857 jura
908 2805 1058 2843 vestra
1093 2801 1333 2844 comitatus
1355 2800 1416 2855 (2)
1444 2799 1646 2853 Melgorii

130 2967 178 3013 (1)
209 2968 334 3003 Carta
359 2966 424 3002 acl.

133 3025 180 3073 (2)
210 3026 336 3063 Cart.:
359 3027 622 3072 episcopatus.

528 3111 543 3132 N
