2070 3486
766 332 816 337 ——
852 306 936 348 677
964 299 1024 336 '—

115 405 226 450 rato,
251 403 371 458 quod
395 415 476 443 vos
503 402 720 446 donastis,
745 401 957 443 cessistis.
991 401 1294 455 permutastis,
1333 414 1410 441 sen
1441 399 1674 441 remisistis

115 473 245 516 nobis
269 476 315 515 ct
335 473 452 515 (licto
484 473 707 516 vestiario,
734 473 918 527 snisqnc
947 472 1295 517 sun-vessoribus,
1330 471 1483 524 viginti
1508 471 1674 512 solidos

117 544 437 599 melgorienses
464 544 518 584 (lc
547 547 696 585 wstro
735 543 960 586 vestiario,
993 556 1069 583 son
1103 544 1156 583 «le
1192 542 1277 583 hiis
1305 555 1406 597 qne,
1446 542 1585 596 ipsius
1608 546 1677 583 ra·'

116 615 234 657 tione
273 609 497 659 vestiarii.
544 614 759 655 hactenus
795 614 1070 668 percepistis,
1113 616 1155 654 ot,
1193 616 1498 655 antecessores
1537 613 1673 654 vestri

113 688 444 729 consueverunt
476 685 702 740 percipere
734 688 773 726 ct
808 685 986 729 habere,
1024 684 1134 726 sicut
1165 684 1372 739 superius
1399 687 1466 726 est
1493 697 1674 739 expres-

113 769 231 799 sum.

173 894 240 936 Ad
272 893 354 935 hec
386 895 538 934 autem
576 906 656 933 nos
690 892 913 946 predictus
950 893 1210 947 episcopus,
1251 906 1307 933 ex
1336 906 1421 933 nnn
1453 895 1604 946 parte,
1633 895 1676 933 et

112 978 195 1008 nos
224 963 565 1007 archidiaconus
600 966 644 1005 et
679 966 822 1004 rector
856 963 1062 1018 predicti,
1103 977 1180 1018 pro
1219 963 1336 1004 (licto
1369 962 1600 1010 vestiario,
1633 965 1675 1004 et

111 1036 294 1078 nomine
324 1035 496 1090 ipsius.
545 1048 600 1075 cx
639 1035 803 1081 altera,
835 1038 1155 1087 cognoscentes
1199 1035 1363 1089 pariter
1402 1038 1443 1075 et
1484 1034 1674 1076 scientes

112 1106 266 1149 omnia
283 1109 328 1149 et
346 1106 524 1160 singula
545 1106 848 1160 sup1·as‹‚·ripta
870 1106 910 1146 in
930 1109 1131 1148 nostruin
1156 1106 1442 1147 commodum
1464 1108 1672 1146 mutuum

112 1178 379 1225 redundare.
409 1191 461 1220 ac
491 1177 633 1232 ipsius
661 1177 1043 1232 contemplacione
1073 1180 1342 1219 contractus.
1377 1177 1567 1218 inultum
1601 1176 1673 1231 jus

111 1252 157 1292 et
187 1249 441 1292 dominium
476 1248 652 1301 augeri,
696 1248 1001 1303 promittimus
1041 1252 1083 1290 et
1121 1248 1416 1290 convenimus
1457 1241 1670 1295 invicem,

111 1320 351 1375 sollempni
380 1319 676 1375 stipulacione
716 1320 997 1375 interposita.
1042 1321 1159 1375 qnod
1193 1323 1347 1361 contra
1382 1319 1576 1374 predicta
1604 1318 1670 1360 vel

110 1392 294 1448 aliquod
331 1391 635 1447 predictorum
665 1405 743 1446 per
781 1405 861 1433 nos
900 1392 968 1433 vel
1001 1391 1139 1433 alium
1179 1404 1265 1433 non
1295 1390 1561 1437 veniemus;
1595 1404 1673 1432 nec

111 1463 366 1506 diximus...
402 1463 572 1518 aliquid
606 1466 788 1518 propter
820 1464 940 1517 quod
981 1463 1179 1517 predicta
1216 1463 1256 1503 in
1291 1462 1484 1503 solidum
1526 1462 1592 1502 vn!
1628 1462 1671 1502 in

113 1537 239 1590 parte
270 1547 435 1576 munus
461 1534 696 1576 obtineant
726 1533 1003 1575 firmitatis...
1047 1534 1412 1575 renunciantes...
1455 1532 1672 1574 beneficio

112 1604 416 1647 restitucionis
442 1605 487 1646 in
510 1598 733 1659 integrum
757 1607 800 1646 et
825 1605 1036 1646 omnibus
1061 1604 1357 1659 privilegiis...
1384 1603 1548 1658 quibus
1571 1618 1671 1658 pos-

112 1688 265 1718 semus
287 1689 368 1717 nos
384 1675 596 1731 juvare...
619 1675 808 1717 scientes
827 1676 990 1716 ‹lif-tan]
1009 1675 1385 1730 permutationem
1409 1688 1509 1716 cun]
1533 1674 1672 1716 multa

110 1746 438 1789 deliberacione
454 1750 497 1789 et
511 1760 628 1802 equo
644 1747 881 1788 libramine
898 1760 996 1789 esse
1014 1746 1192 1791 iactam,
1209 1760 1287 1788 nec
1303 1760 1357 1787 ex
1375 1746 1458 1787 hoc
1472 1745 1670 1800 aliquam

113 1817 309 1874 partium
339 1831 439 1860 esse
462 1818 600 1860 lesam

169 1890 280 1931 Acta
305 1887 487 1931 fuerunt
514 1889 619 1935 hec,
652 1902 770 1931 anno
799 1889 1029 1931 Dominice
1068 1889 1391 1931 incarnationis
1434 1888 1672 1930 millesimo

109 1960 417 2002 ducentesimo
439 1960 832 2016 quinquagesimo,
853 1960 1190 2001 octavodecimo
1208 1960 1424 2001 kalendas
1443 1959 1669 2007 februarii,

109 2031 154 2073 in
190 2031 421 2087 presencia
465 2035 509 2074 et
548 2031 805 2074 testimonio
842 2031 1070 2073 Michaelis·
1112 2032 1166 2072 (ie
1213 2030 1420 2082 Mol-osio,
1471 2031 1670 2085 magistri

112 2099 350 2144 Raimundi
374 2103 429 2144 de
457 2102 757 2145 Claroniontc.
790 2102 1003 2144 Bet-nardi
1025 2103 1078 2143 de
1106 2102 1337 2144 viridario.
1369 2101 1594 2143 Guillelmi
1617 2103 1671 2143 de

111 2174 282 2229 Royre,
312 2174 629 2216 canonicorum
667 2174 1083 2227 Magalcmensium.
1118 2173 1232 2215 Petri
1264 2176 1307 2215 et
1335 2173 1588 2227 Berengarii
1617 2173 1671 2214 de

108 2244 321 2293 Fabricis‚
353 2245 565 2287 Bernardi
594 2246 649 2287 de
678 2245 970 2299 Mnrginibus,
997 2249 1041 2287 et
1062 2245 1257 2300 plurium
1280 2244 1486 2291 aliorum,
1519 2247 1562 2286 et
1585 2244 1669 2286 mei

105 2315 325 2358 Johannis
363 2317 589 2363 Brunenc,
628 2316 733 2358 dicti
773 2316 947 2358 domini
983 2316 1179 2371 episcopi
1223 2316 1264 2356 in
1311 2329 1393 2358 sua
1421 2315 1586 2357 diocesi
1627 2318 1672 2357 et

107 2386 321 2430 comitatu
349 2387 550 2443 Melgorii
574 2391 617 2430 ct
648 2387 1013 2430 Montisierrandi
1039 2388 1203 2443 publici
1234 2387 1409 2435 notarii,
1441 2387 1515 2442 qui
1547 2400 1671 2429 nian—

113 2459 247 2501 datus
267 2459 349 2501 hec
370 2459 543 2514 scripsi.

171 2602 277 2644 Post
314 2602 397 2644 hec
437 2616 543 2645 vero
576 2616 696 2645 anno
723 2601 813 2658 quo
851 2616 1002 2658 supra,
1047 2603 1214 2645 scilicet
1252 2602 1456 2645 kalendis
1496 2603 1664 2649 marcii„

110 2672 322 2715 dominus
364 2674 619 2716 Bernardus
655 2675 709 2716 de
743 2674 1013 2716 Muroveteri
1045 2674 1315 2729 prepositns‚
1351 2677 1394 2715 ct
1420 2677 1668 2716 conventus

108 2744 454 2799 Magalonensis,
488 2745 654 2786 ibidem
683 2745 727 2786 in
758 2745 954 2800 capitulo
979 2745 1251 2800 congregati,
1286 2745 1600 2789 laudaverunt,
1627 2748 1670 2786 et.

107 2817 204 2857 rata
222 2828 274 2857 ac
294 2814 426 2857 firma
444 2816 702 2857 habuerunt
723 2816 875 2858 onmia
890 2819 933 2858 et
957 2816 1134 2871 singula
1157 2816 1428 2870 supradicta,
1452 2816 1511 2857 ita
1528 2817 1664 2870 quod,

107 2885 159 2937 si,
178 2899 280 2928 cum
298 2886 594 2942 requisicione
611 2901 637 2929 a
653 2888 880 2929 seins-ione
894 2887 998 2929 dicti
1020 2887 1176 2929 usatici
1198 2890 1464 2930 cessaretur.
1486 2887 1668 2930 feudum

106 2970 188 3013 pro
215 2971 305 3013 quo
326 2960 370 3000 et
390 2958 459 3000 cui
480 2958 689 3011 solvitur,
713 2960 871 3001 cadere
892 2959 1049 3000 debeat
1083 2959 1124 2999 in
1147 2958 1457 3000 cmnmissnin.
