2070 3486
1081 257 1341 300 —146—

430 370 507 409 pro
543 358 724 396 moneta
767 355 1020 409 probanda.
1063 348 1259 395 reddant
1291 357 1330 395 cl
1376 354 1652 408 [restituant]
1693 356 1903 396 custodes
1929 354 1990 396 illi

428 428 566 480 probo
596 426 782 469 lioinini.
814 426 941 480 rnjus
973 426 1147 479 probati
1180 425 1350 466 denarii
1383 428 1526 471 crunh
1561 429 1750 479 excepto
1780 440 1867 466 uno
1897 429 1991 467 tan-

427 498 657 537 tunnnodo
685 511 836 550 assas-uss,
863 498 981 550 quod
1009 496 1089 550 ipsi
1114 498 1324 537 custodes
1355 495 1472 552 {sibi}
1505 510 1583 550 pro
1606 510 1687 537 suo
1711 497 1946 538 retineant.

488 569 605 608 [dein
636 582 820 621 prorsus
842 567 1116 621 intelligatur
1136 569 1190 608 de
1211 567 1399 608 sei-virio
1424 582 1509 608 non
1534 567 1793 622 accipiendo
1822 582 1849 610 a
1875 568 1989 610 scul-

429 641 520 678 torc
543 652 619 678 scu
648 638 887 680 formatore
918 652 1181 680 runcormn.
1215 638 1380 693 quibus
1410 641 1591 679 moneta
1617 640 1805 680 cudetur
1831 642 1875 681 et
1901 640 1988 680 sor-

427 709 636 750 inubitur.
670 712 718 750 ut
746 709 839 764 ipsc
872 710 1072 764 sculptor
1101 712 1340 751 contentus
1371 709 1429 750 sit
1460 710 1638 750 (luobus
1672 709 1868 751 denariis
1901 710 1985 752 sibi

421 780 662 831 assignatis
693 780 732 820 in
763 780 951 833 singulis
980 780 1104 821 libris
1128 784 1319 822 monete.
1355 781 1444 822 Hoc
1472 781 1656 835 insuper
1681 780 1849 824 addito.
1876 795 1986 836 qua-

423 851 542 892 tinus
562 865 720 892 omnes
743 851 1032 906 suprascripti
1064 852 1197 906 liujus
1227 855 1406 893 monete
1429 851 1660 899 officiales,
1689 851 1817 893 tactis
1838 865 1985 894 sacro-

420 922 586 963 sanctis
608 923 682 963 Dei
708 923 971 977 evangeliis,
1001 923 1151 978 jurent
1171 923 1325 964 omnia
1347 923 1635 978 [pre]scripta
1653 936 1699 964 se
1721 924 1978 971 observare,

416 996 461 1034 ct
482 993 698 1039 officium,
731 994 772 1035 in
803 994 919 1036 dicta
950 998 1129 1036 inoneta
1157 994 1240 1035 sibi
1276 996 1558 1049 deputatum,
1593 995 1705 1035 bene
1733 998 1777 1035 et
1808 994 1982 1036 curiose

417 1068 551 1120 atquc
575 1066 771 1119 legitime
794 1080 838 1106 se
863 1080 1086 1107 exercerc.

480 1138 682 1179 preterea
723 1137 824 1178 volo
853 1151 1033 1192 scinper
1062 1138 1197 1179 teneri
1239 1137 1428 1178 i'irinitcr
1467 1141 1510 1178 et
1549 1136 1797 1181 observari,
1842 1140 1892 1179 ut
1924 1137 1981 1180 sit

415 1207 583 1249 licituin
623 1208 806 1249 ‹czuilihct
846 1209 986 1249 farere
1014 1208 1186 1263 operari
1229 1209 1391 1249 dirtani
1442 1211 1685 1251 nionrtani.
1730 1209 1978 1250 dummodo

415 1282 517 1321 tunc
535 1280 651 1321 alius
674 1280 793 1321 iliani
827 1294 912 1320 non
937 1279 1068 1321 faciat
1086 1280 1277 1334 operari,
1299 1280 1398 1321 aliis
1424 1279 1551 1320 bonis
1574 1279 1978 1321 consuetudinibus

409 1353 454 1392 et
481 1351 639 1392 usibus
666 1351 781 1393 dicte
814 1354 1021 1398 monete,
1054 1351 1131 1406 qui
1160 1354 1265 1392 sunt
1306 1364 1442 1406 ¹super
1469 1351 1586 1392 dicta
1617 1353 1800 1393 moneta
1830 1355 1979 1406 preter

411 1422 648 1476 predictos,
673 1423 782 1464 ratis
813 1422 1063 1464 manendis.

470 1495 635 1535 Damus
663 1494 804 1535 eciam
834 1494 878 1534 in
900 1494 1017 1535 dicto
1039 1494 1228 1549 arapitc.
1269 1497 1313 1535 ct
1339 1493 1629 1535 concedimus
1650 1493 1823 1548 prefate
1851 1495 1976 1536 Mon-

410 1565 698 1620 tispcssulani
732 1552 1063 1612 communitati,
1096 1568 1139 1606 et
1179 1565 1305 1606 vobis
1342 1564 1659 1620 suprascriptis
1693 1565 1970 1612 consulibus,

407 1639 448 1678 et
471 1637 805 1678 successoribus
829 1637 1006 1683 vestris,
1033 1651 1112 1691 pro
1135 1637 1234 1691 ipsa
1255 1636 1581 1678 communitate
1608 1638 1652 1678 et
1679 1636 1973 1679 universitate

405 1707 721 1762 acaptantibus
758 1711 802 1749 et
840 1707 1175 1763 recipientibus,
1217 1711 1358 1749 tot-um
1402 1708 1474 1763 jus
1511 1708 1632 1762 quod
1676 1708 1898 1750 habemus
1925 1708 1971 1749 in

405 1792 565 1821 nemus
593 1780 714 1834 quod
747 1779 1002 1834 appellatur
1029 1780 1225 1823 Venena.
1263 1779 1377 1821 sicut
1403 1792 1554 1821 comes
1581 1779 1784 1833 Melgorii
1812 1779 1971 1822 habuit
2014 1826 2016 1828 ,

404 1850 564 1891 melius
585 1852 629 1892 et
651 1850 806 1898 tenuit,
831 1853 874 1892 ct
895 1850 1041 1891 solum
1066 1850 1161 1892 sive
1184 1853 1348 1892 terram
1372 1850 1415 1891 in
1438 1863 1528 1905 qua
1548 1850 1699 1905 ipsum
1721 1863 1882 1892 nemus
1901 1853 1970 1893 est

401 1934 501 1962 cum
525 1921 738 1963 omnibus
760 1921 853 1963 suis
878 1922 1165 1977 pertinenciis
1194 1925 1237 1964 et
1263 1921 1547 1977 adjacenciis.

463 1994 668 2034 Preterea
695 1993 776 2035 hec
799 1993 1011 2034 volumus
1039 1996 1082 2034 ct
1108 1993 1412 2041 concedimus,
1448 1996 1496 2035 ut
1518 1993 1636 2035 dicta
1663 1993 1966 2036 communitas

400 2064 819 2119 Montispcssulani,
852 2067 896 2106 et
922 2078 1003 2106 vos
1032 2064 1205 2119 prefate
1234 2065 1437 2121 ejusdem
1466 2065 1690 2112 consules,
1729 2068 1774 2107 et
1800 2065 1964 2119 singuli

398 2136 453 2176 de
476 2135 785 2183 universitate,
812 2136 995 2190 possitis
1023 2136 1138 2178 dicte
1162 2136 1446 2178 universitati
1475 2136 1729 2191 adquirere,
1761 2136 1966 2191 quolibet

398 2206 526 2247 titulo
553 2206 892 2261 adquisitionis,
931 2208 1056 2248 salvo
1094 2211 1245 2249 nostro
1284 2207 1500 2249 laudimio
1541 2210 1585 2248 et
1619 2210 1739 2249 certo
1771 2207 1958 2255 usatica,

395 2277 692 2332 proprietates
714 2278 1022 2332 quorumlihet
1045 2292 1298 2327 nemorum,
1324 2292 1411 2334 que
1431 2282 1537 2320 sunt
1558 2278 1675 2320 intra
1694 2278 1961 2321 comitatum

394 2348 610 2402 Melgorii,
642 2349 699 2390 ab
721 2349 807 2391 illis
829 2363 1023 2404 quorum
1046 2353 1152 2392 sunt
1172 2350 1269 2405 ipse
1292 2350 1605 2405 proprietates,
1631 2352 1820 2405 excepto
1841 2350 1960 2392 dicto

394 2432 574 2461 nemore
604 2421 658 2461 de
691 2420 872 2468 Valena,
907 2421 1034 2476 cujus
1064 2422 1331 2476 proprietas.
1370 2424 1420 2463 ut
1441 2421 1610 2463 (lictum
1634 2424 1717 2469 est,
1743 2434 1907 2477 porsus
1933 2434 1960 2463 a

391 2504 461 2531 me
484 2490 528 2531 in
547 2491 711 2533 dictam
731 2491 1092 2544 universitatem,
1114 2496 1157 2535 et
1178 2493 1220 2534 in
1239 2507 1335 2541 vos,
1358 2496 1402 2535 ct
1421 2493 1465 2534 in
1486 2506 1766 2535 successores
1783 2496 1958 2535 vestros

390 2563 613 2609 consules,
639 2577 720 2618 per
740 2577 840 2605 eam
871 2567 1097 2606 transacta
1117 2567 1199 2606 est.
1592 2611 1595 2614 ,

450 2635 517 2676 Ad
546 2635 627 2676 hec
657 2635 869 2677 volumus
897 2639 940 2677 et
972 2636 1262 2678 concedimus
1296 2636 1412 2678 dicte
1449 2635 1749 2685 universitati,
1790 2638 1839 2678 ut
1873 2649 1955 2678 vos

388 2705 489 2747 dicti
520 2706 743 2753 consules,
770 2709 813 2748 et
831 2720 1112 2749 successores
1144 2708 1277 2749 vestri
1299 2708 1522 2756 consules,
1548 2721 1630 2763 pro
1656 2707 1756 2763 ipsa
1777 2707 1955 2750 univer-

388 2776 533 2821 sitate.
567 2777 776 2823 honores,
803 2778 878 2832 qui
920 2781 1025 2819 sunt
1063 2792 1089 2820 a
1126 2778 1310 2821 flumine
1349 2778 1447 2821 Lesi
1484 2792 1627 2834 usque
1666 2779 1723 2821 ad
1759 2777 1952 2820 fluvium

386 2848 690 2893 Ainantionis,
732 2849 912 2903 possitis
940 2853 1186 2905 acceptare,
1213 2853 1257 2892 et
1289 2850 1492 2905 quolibet
1520 2850 1608 2893 alio
1635 2849 1952 2906 adquisitionis

384 2918 511 2961 titulo
543 2920 812 2975 mlqnirorc:
844 2924 888 2981 et
929 2922 1046 2976 quod
1090 2935 1166 2963 nos
1206 2925 1249 2963 ct
1279 2935 1561 2964 successores
1590 2920 1733 2964 nostri
1755 2920 1950 2977 Magalo-
