2070 3486
10 575 34 745 w,L-4=*.q-.
19 517 33 550 ,⁶¹-
12 427 30 485 ὀ-,ι
20 348 28 380 ...
25 305 32 312 ,

17 949 29 962 1
6 868 32 940 σ-ὀῖ.
14 756 33 859 ,μή-ο.

19 1053 22 1060 -
7 1026 26 1042 ΙΙ
8 978 31 1014 2⁴5

0 3341 22 3486 §sustu
2 3288 19 3327 «s-
0 3243 22 3267 g:
30 3210 39 3216 ι
8 3151 15 3158 ·

780 297 1039 339 —319—

127 393 370 448 Hospitalis
394 392 536 433 facere
561 392 726 434 vallata
748 405 825 433 seu
848 393 1008 447 agalia.
1034 406 1168 434 causa
1198 393 1395 447 piscandi
1430 393 1494 433 vel
1525 408 1579 434 ex
1603 394 1688 435 alia

70 486 73 489 ·
125 464 325 520 qualibet
354 477 506 511 causa,
543 466 650 517 quot
683 466 726 505 et
759 467 926 518 quauta
970 464 1156 505 volucrit
1198 465 1238 505 iu
1275 465 1391 506 dicta
1430 465 1557 506 silva.
1602 479 1689 520 que

128 536 453 591 pretendautur
487 548 628 589 usque
655 535 710 575 ad
742 534 908 575 [ossam
941 535 1211 588 prodicuun.
1245 534 1303 577 ita
1332 537 1451 590 quod
1480 550 1597 590 aqua
1634 550 1689 577 ex

127 606 246 648 dicta
268 605 387 648 fossa
411 606 573 648 habeat
596 605 849 659 ingressum
873 619 927 646 ex
959 619 1047 646 uuo
1075 607 1217 660 capita·
1241 608 1463 648 duntaxat
1490 608 1532 648 iu
1563 607 1690 649 dictis

128 677 334 732 agalibus
362 689 441 718 seu
470 676 662 718 vallatis.

185 747 240 790 Et
266 751 449 803 propter
469 762 522 789 ea
551 751 726 789 tautum
756 748 851 789 hec.
875 750 920 788 ut
945 762 1078 801 supra
1102 748 1315 802 scriptum
1340 753 1422 792 est.
1449 749 1691 791 habuimus

127 822 172 862 et
191 818 443 874 recepimus
467 832 492 860 a
520 819 636 860 dicta
665 818 848 859 domina
874 817 1133 870 Galburgia.
1159 819 1338 860 uoiuiue
1362 820 1510 874 precii.
1537 820 1692 862 videli-

125 893 196 932 cet
223 890 307 932 tria
336 890 457 931 milia
492 893 536 931 et
557 889 866 944 septingentos
895 889 1061 929 solidos
1095 890 1428 944 uwlgorienscs.
1455 891 1496 931 iu
1527 892 1692 945 quibus

127 974 184 1003 ex
209 964 331 1003 certa
358 961 548 1003 sciencia
577 960 895 1001 renunciamus
917 960 1173 1014 ‹·x‹·ep‹·ioni
1206 974 1291 1001 uon
1327 965 1558 1003 uuuwratc
1594 976 1692 1016 pec-

126 1032 280 1078 cuuie;
316 1031 629 1087 promittentes
672 1031 750 1072 tibi
778 1031 1072 1085 solempniter
1105 1031 1353 1086 stipulanti.
1391 1034 1509 1087 quod
1540 1033 1690 1074 omnia

129 1106 380 1146 memorata
401 1106 445 1144 et
466 1103 643 1157 singula
665 1116 859 1156 semper.
888 1102 1051 1143 nostris
1073 1103 1302 1157 expensis.
1326 1103 1423 1158 jure
1445 1107 1486 1145 et
1507 1104 1688 1159 judicic.

128 1175 208 1217 tibi
237 1177 281 1216 et
307 1188 386 1229 per
408 1177 447 1216 te
471 1174 586 1216 dicte
608 1173 765 1215 domui
794 1173 1053 1228 Hospitalis.
1080 1177 1121 1214 ct
1151 1173 1363 1215 fratribus
1391 1176 1466 1230 qui
1490 1180 1593 1217 suut
1623 1177 1689 1217 vel

127 1259 210 1301 pro
248 1248 450 1300 tempore
485 1245 651 1286 ibidem
690 1245 892 1286 suerunt.
931 1244 1245 1286 deifendemus
1279 1247 1336 1287 ab
1370 1247 1490 1287 omui
1520 1251 1693 1288 contro-

128 1316 277 1358 versia
303 1320 347 1358 et
373 1316 734 1371 interpellatione
762 1318 802 1357 et
835 1315 1031 1370 periculo
1054 1315 1316 1358 evictionis:
1342 1330 1424 1358 uos
1447 1318 1692 1359 subicimus

128 1387 308 1435 exinde,
333 1387 526 1442 quisque
549 1387 592 1428 iu
613 1387 824 1430 solidum.
851 1401 932 1427 uos
954 1389 995 1429 et
1017 1401 1175 1428 omues
1195 1401 1475 1429 successores
1498 1392 1690 1433 nostros.

127 1461 172 1501 et
198 1458 351 1500 omnia
375 1459 490 1500 bona
518 1461 669 1499 nostra
698 1462 739 1500 ct
766 1458 880 1513 jura.
913 1461 957 1500 et
981 1472 1061 1513 per
1087 1461 1127 1499 te
1158 1458 1369 1500 fratribus
1396 1460 1471 1514 qui
1496 1464 1599 1501 sunt
1624 1460 1690 1501 vel

127 1544 208 1586 pro
224 1532 426 1585 tempore
448 1529 615 1571 ibidem
637 1529 799 1571 fuerint
823 1530 866 1571 in
886 1529 1208 1584 prefatadomo
1228 1530 1486 1584 Hospitalis.
1507 1530 1695 1573 firmiter

126 1601 381 1656 obligamus
416 1605 461 1643 et
496 1601 818 1655 astringimus;
861 1604 905 1642 et
938 1601 972 1642 si
1003 1600 1103 1655 plus
1134 1601 1250 1642 dicto
1286 1602 1432 1656 precio
1468 1601 1583 1643 valet
1625 1603 1693 1643 vel

127 1672 321 1715 valuerit
340 1672 545 1727 duplum,
569 1672 753 1727 triplum
773 1672 839 1713 vel
860 1672 1072 1726 amplius.
1095 1675 1237 1714 totum
1261 1672 1424 1714 illud...
1450 1674 1688 1716 donamus.

128 1744 443 1800 promittentes
471 1743 660 1785 firmiter
686 1744 807 1798 quod
829 1746 984 1785 contra
1010 1743 1145 1785 hec...
1172 1743 1232 1785 sic
1261 1757 1342 1785 nos
1366 1745 1483 1785 Deus
1509 1745 1691 1800 adjuvet

128 1818 172 1858 et
199 1815 280 1857 hec
301 1818 456 1857 sancta
476 1815 553 1857 Dei
581 1814 815 1869 evangelia
843 1828 868 1856 a
891 1814 1020 1856 uobis
1039 1815 1330 1869 corporaliter
1358 1819 1487 1857 tacta.

187 1886 240 1928 Et
265 1899 348 1941 ego
377 1886 423 1927 B.
455 1887 509 1928 de
542 1887 705 1927 Sancto
736 1885 879 1927 Justo.
910 1889 1103 1933 curator,
1138 1886 1332 1941 predicte
1363 1887 1626 1930 venditioni.
1652 1891 1694 1930 ct

128 1957 366 2005 omnibus,
407 1961 451 1999 et
488 1956 676 2011 siugulis
713 1956 1058 2011 suprascriptis.
1101 1958 1156 1998 ad
1200 1957 1437 1999 utilitatem
1472 1958 1691 2000 dictorum

127 2028 373 2070 liberorum
401 2028 715 2083 interpositam
743 2028 1055 2070 auctoritatem
1080 2041 1226 2070 meam
1258 2029 1511 2084 interponO.
1539 2044 1695 2084 supra-

129 2099 295 2155 scripta
325 2099 479 2141 omnia
518 2102 561 2141 et
601 2099 778 2153 singula
815 2099 1074 2154 probando,
1121 2099 1389 2153 promittens
1432 2100 1533 2142 tibi.
1579 2101 1693 2142 dicte

129 2170 311 2213 domine
353 2169 594 2223 Galburgie
636 2170 947 2225 sollempniter
988 2170 1249 2224 stipulanti.
1297 2172 1381 2213 sub
1420 2171 1693 2227 obligatione

131 2242 351 2284 bonorum
380 2255 600 2288 meorum,
638 2241 826 2297 prestito
854 2241 1145 2296 corporaliter
1175 2245 1472 2290 sacramento,
1507 2244 1627 2298 quod
1657 2243 1693 2284 si

129 2313 310 2368 quando
337 2312 643 2354 controversia
673 2314 794 2354 mota
834 2312 910 2353 tibi
946 2325 1023 2353 seu
1059 2311 1229 2366 pretate,
1266 2313 1422 2355 domui
1449 2313 1693 2369 Hospitalis

128 2396 264 2438 super
291 2384 425 2425 rebus
452 2383 684 2438 predictis.
722 2386 812 2425 tam
847 2383 891 2424 in
917 2382 1083 2438 judicio
1111 2397 1249 2438 quam
1284 2387 1435 2431 extra,
1468 2398 1693 2439 expensas

126 2455 303 2510 aliquas
330 2454 501 2498 feceris.
536 2454 603 2495 vel
633 2454 841 2501 evictam,
867 2454 908 2495 iu
938 2454 1132 2496 solidum
1163 2458 1412 2510 partemve.
1439 2456 1689 2509 contigerit,

129 2538 262 2568 omne
289 2526 540 2580 dampnum
572 2539 652 2567 seu
681 2525 896 2567 iuteresse
931 2525 1194 2579 contingens.
1227 2540 1283 2568 ex
1315 2527 1524 2581 predictis
1546 2528 1693 2569 causis

127 2596 223 2641 tibi,
250 2610 329 2638 seu
351 2596 520 2651 prefate
538 2596 692 2638 domui
717 2596 977 2651 Hospitalis.
1006 2596 1134 2650 plene
1159 2597 1410 2644 restituam,
1439 2598 1693 2653 indempni-

128 2667 207 2710 tati
228 2670 316 2713 tue,
337 2670 557 2722 quantum
580 2668 636 2708 ad
658 2680 817 2709 causas
831 2667 1043 2722 prefatas,
1068 2668 1240 2722 absque
1266 2668 1568 2710 diminucione
1585 2683 1693 2724 qua-

127 2737 237 2781 libet
263 2738 564 2794 provideudO.
591 2752 829 2793 quousque
853 2737 1013 2793 prefati
1035 2738 1184 2786 liberi,
1213 2738 1315 2780 facti
1337 2740 1520 2794 majoris
1542 2741 1688 2782 etatis.

131 2808 299 2852 scilicet
327 2809 482 2863 viginti
513 2810 711 2865 quinque
747 2822 993 2851 annorum.
1034 2809 1280 2864 predictam
1311 2811 1616 2852 venditionem
1651 2815 1691 2852 et

130 2880 284 2922 omnia
303 2894 439 2935 supra
466 2880 630 2935 scripta
658 2883 700 2921 et
729 2880 917 2935 singula:
934 2881 1244 2935 comprobent.
1273 2881 1458 2936 prestito
1486 2896 1692 2937 corpora-

127 2950 232 2994 liter
256 2954 553 2993 sacramento.
