2070 3486
1042 313 1091 317 —
1128 287 1213 328 434
1248 313 1300 317 —

393 383 486 437 ipsc
527 382 829 424 reconciliavit
863 395 965 423 cum
995 396 1021 424 a
1055 382 1168 423 dictu
1199 382 1688 435 excommunicacionc,
1722 383 1951 426 satisfacto

392 454 512 508 prius
539 455 596 494 ab
625 468 675 493 co
705 454 748 494 in
776 454 971 505 decima,
1008 456 1050 495 vt
1080 453 1264 507 prvstito
1291 453 1546 508 juramento
1575 455 1694 508 quod
1724 455 1779 496 de
1805 457 1952 497 cetero

389 539 476 565 non
517 524 726 565 aufferret
763 524 998 565 decimam.
1048 524 1232 565 Audivit
1273 527 1421 565 tamen
1459 524 1542 565 dici
1581 538 1608 566 a
1646 525 1815 566 clericis
1836 525 1951 568 dicte

389 596 571 637 ε’·εεςίε5ἰε
609 596 727 649 quod
767 595 890 649 prius
923 595 1116 650 jur'wawi
1122 598 1153 636 n
1188 598 1231 636 et
1265 595 1513 649 dejurawm
1518 598 1571 645 εἰς
1621 599 1664 637 ct
1696 596 1779 637 hoc
1806 596 1947 638 eciam

386 666 560 707 uudixit
581 680 606 707 ει
634 667 915 707 swrdotus
925 700 931 706 .
962 667 1016 707 dc
1040 669 1202 707 sancto
1229 665 1424 719 .‚iuliano
1456 666 1530 720 qui
1561 680 1663 708 cum
1686 680 1948 709 excommu-

386 737 626 779 nicaxcrat.

444 809 549 849 {tem
579 807 689 849 dixit
713 808 851 862 quod,
877 821 976 848 cum
1007 808 1102 862 ipsc
1125 811 1264 849 staret
1284 807 1327 848 in
1349 807 1466 849 dicto
1489 811 1650 854 castro,
1682 808 1734 850 G.
1759 808 1826 849 Jo.
1853 811 1948 850 erat

379 879 645 925 infamatus,
679 879 786 933 quia
812 879 1105 933 jacui-etcum
1136 893 1276 919 uxore
1305 881 1355 921 (l.
1390 879 1579 926 Bidocii,
1612 879 1689 934 qui
1711 882 1806 922 erat
1828 879 1946 921 filius

379 950 699 1003 consanguinei
731 950 800 991 sui
827 950 1045 1003 germani.

437 1021 546 1062 Item
571 1021 686 1062 dixit
708 1021 874 1062 famam
906 1034 1019 1064 esso.
1044 1034 1143 1062 cum
1176 1021 1270 1075 ipse
1299 1024 1437 1063 staret
1463 1021 1508 1062 in
1531 1024 1676 1063 castro
1697 1022 1753 1063 de
1773 1021 1945 1064 Monte-

375 1093 584 1138 bazcnco,
626 1093 772 1146 quod,
804 1105 923 1133 anno
962 1091 1175 1147 preterito
1213 1106 1302 1147 quo
1343 1096 1546 1148 tempore
1583 1092 1708 1135 testis
1736 1092 1861 1134 venit
1885 1094 1940 1135 ad

374 1166 569 1205 castrum
605 1164 659 1205 de
691 1164 1062 1211 Montcbazcnco,
1095 1164 1146 1205 G.
1177 1164 1244 1205 Jo.
1272 1164 1637 1219 impregnaverat
1653 1164 1715 1219 (1)
1750 1178 1939 1206 uxorem

372 1236 602 1288 quondam
631 1235 681 1277 G.
717 1234 896 1282 ssidocii,
930 1238 973 1276 et
999 1234 1043 1275 in
1076 1236 1211 1276 domo
1242 1248 1324 1276 sua
1350 1235 1531 1290 propria
1558 1235 1679 1277 idem
1708 1236 1758 1277 G.
1786 1235 1853 1277 Jo.
1875 1235 1937 1290 (2)

372 1305 474 1347 fecit
494 1305 639 1361 colligi
663 1306 848 1353 herbas,
887 1309 931 1347 et
957 1319 1058 1347 cum
1090 1306 1174 1347 illis
1203 1306 1396 1348 saissare
1424 1309 1630 1348 ventrem
1662 1306 1863 1348 mulieris
1892 1309 1941 1348 ut

374 1375 536 1418 faceret
556 1378 789 1418 aborsum.

427 1448 535 1489 Item
554 1447 669 1489 dixit
691 1448 861 1490 famam
880 1461 995 1495 esse,
1013 1462 1065 1489 co
1084 1451 1285 1503 tempore
1305 1462 1395 1503 quo
1416 1448 1510 1503 ipsc
1531 1448 1654 1490 [estis
1679 1449 1939 1491 morabatur

367 1519 411 1560 in
434 1519 551 1561 dicto
573 1522 734 1561 castro.
756 1520 877 1574 quod
900 1519 1046 1561 dictus
1068 1520 1119 1561 G.
1143 1519 1231 1563 Jo.,
1252 1520 1329 1574 qui
1347 1520 1663 1562 tunchabebat
1680 1533 1870 1561 uxorem
1894 1523 1938 1562 et

366 1591 514 1632 adhuc
535 1591 684 1636 habet,
709 1590 908 1645 jacuerat
930 1593 973 1631 et
994 1591 1216 1632 habuerat
1237 1604 1330 1632 rem
1353 1604 1455 1632 cum
1477 1591 1655 1632 duabus
1678 1590 1934 1632 feminabus

367 1661 633 1716 conjugatis,
659 1661 825 1703 scilicet
851 1675 953 1703 cum
976 1675 1117 1704 uxore
1139 1661 1190 1703 G.
1217 1663 1272 1703 de
1301 1662 1440 1703 Soura
1462 1664 1506 1703 et
1527 1675 1628 1703 cum
1651 1675 1793 1703 uxore
1813 1662 1857 1703 S.
1877 1662 1932 1703 de

371 1733 581 1774 Rodares.

424 1803 533 1844 Item
556 1804 671 1845 dixit
692 1805 828 1859 quod,
856 1803 956 1858 ipso
978 1803 1202 1845 existente
1225 1803 1457 1859 capellano
1480 1803 1664 1845 ecclesie
1685 1804 1740 1845 de
1761 1804 1932 1845 Monte-

365 1875 573 1919 bazenco.
614 1889 715 1916 cum
756 1875 931 1923 mulier,
965 1875 1132 1917 Grossa
1164 1875 1370 1923 nomine,
1409 1878 1657 1930 conquesta
1684 1874 1819 1916 fuerit
1845 1874 1930 1916 sibi

364 1959 499 2001 super
531 1948 728 2001 quodam
770 1946 905 1995 furto,
947 1947 1065 2002 quod
1103 1946 1281 1988 dicebat
1314 1947 1400 1988 sibi
1437 1946 1575 1988 fuisse
1608 1946 1797 1988 factum.
1832 1945 1929 2001 ipse

361 2018 776 2060 excommunicavit
802 2018 925 2060 fures
953 2021 997 2060 et
1017 2018 1371 2060 consencientes.

420 2089 530 2130 Item
549 2089 664 2131 dixit
683 2103 729 2131 se
750 2089 932 2131 audisse
948 2089 1035 2131 dici
1056 2090 1177 2145 quod
1196 2103 1283 2137 res,
1304 2103 1391 2144 que
1414 2089 1680 2131 dicebantur
1695 2089 1922 2144 subrepte‚

363 2163 490 2202 erant
522 2160 566 2201 in
597 2164 743 2203 castro
772 2161 825 2203 de
853 2161 1076 2202 Baladuco
1104 2160 1150 2202 in
1175 2174 1309 2216 posse
1337 2162 1388 2202 G.
1414 2161 1500 2208 Jo.;
1533 2163 1577 2202 et
1602 2160 1646 2202 S.
1677 2159 1923 2205 Vincencii.

362 2232 439 2286 qui
467 2233 727 2274 morabatur
754 2245 855 2273 cum
887 2231 1005 2274 dicto
1039 2232 1088 2274 G.
1115 2232 1203 2284 Jo.,
1240 2232 1413 2274 furatus
1447 2232 1596 2274 fuerat
1628 2244 1699 2273 res
1728 2231 1844 2280 illas,
1875 2234 1926 2274 ut

361 2302 613 2351 dicebatur,
639 2317 740 2345 cum
768 2303 1043 2359 quibusdam
1070 2303 1185 2345 aliis.

418 2374 528 2416 Item
563 2374 677 2416 dixit
713 2388 759 2416 se
793 2374 962 2416 vidisse
999 2375 1120 2430 quod
1155 2376 1198 2417 S.
1233 2374 1459 2416 Vincencii
1500 2373 1625 2416 stetit
1657 2372 1842 2416 faiditus
1869 2373 1924 2415 de

355 2448 503 2487 castro
527 2446 581 2487 de
603 2447 953 2488 Montebazenco
976 2448 1159 2501 propter
1187 2445 1296 2487 illud
1325 2445 1511 2491 furtum.
1548 2445 1669 2500 quod
1691 2444 1925 2487 dicebatur

357 2517 414 2557 ab
442 2530 493 2558 eo
521 2517 838 2564 commissu111;
870 2518 1163 2572 postmodum
1196 2517 1291 2572 ipse
1320 2517 1462 2565 testis,
1501 2518 1557 2559 ad
1582 2529 1736 2571 preces
1757 2515 1924 2557 amico-

358 2601 454 2628 rum
481 2587 622 2643 ipsius
651 2589 694 2629 S.
727 2588 979 2635 Vincencii‚
1012 2591 1056 2630 et
1087 2588 1220 2630 amici
1248 2588 1344 2644 ejus
1382 2590 1657 2641 rogaverunt
1686 2586 1920 2629 dominam

359 2658 667 2701 Vassadellam
701 2662 749 2701 ut
780 2649 1061 2714 permitteret
1092 2660 1261 2702 dictum
1291 2662 1336 2701 S.
1362 2659 1506 2701 redire
1533 2660 1588 2700 ad
1623 2658 1791 2700 dictum
1825 2670 1919 2700 cas-

360 2732 493 2778 trum,
526 2733 569 2771 et
602 2732 723 2785 quod
752 2734 955 2785 parceret
987 2731 1041 2777 ei,
1073 2731 1179 2786 quia
1209 2732 1263 2773 de
1291 2734 1437 2773 cetero
1460 2744 1547 2771 non
1573 2729 1735 2771 iaceret
1764 2728 1919 2784 hujus-

401 2898 447 2943 (1)
477 2899 600 2934 (a1·.:t
625 2899 872 2944 inlequcwae
880 2902 953 2933 ιεεΙ.

399 2957 447 3005 (2)
476 2957 584 2993 Cart
608 2960 725 3005 porte
744 2969 792 2992 cn
816 2961 940 2994 note:
965 2962 1000 2993 e!
1021 2958 1173 3002 saviam
1195 2967 1277 2992 esse
1299 2955 1401 3002 quod
1425 2957 1468 2991 G
1488 2957 1545 2991 Jn.
1568 2954 1648 2999 suit
1667 2953 1885 2989 absolutus.
