<?xml version="1.0" encoding="UTF-8"?>
<!DOCTYPE html PUBLIC "-//W3C//DTD XHTML 1.0 Transitional//EN"
    "http://www.w3.org/TR/xhtml1/DTD/xhtml1-transitional.dtd">
<html xmlns="http://www.w3.org/1999/xhtml" xml:lang="en" lang="en">
 <head>
  <title>
</title>
<meta http-equiv="Content-Type" content="text/html;charset=utf-8" />
  <meta name='ocr-system' content='tesseract 3.04.00' />
  <meta name='ocr-capabilities' content='ocr_page ocr_carea ocr_par ocr_line ocrx_word'/>
</head>
<body>
  <div class='ocr_page' id='page_1' title='image "./cartulairedemagu02cathuoft_0671.png"; bbox 0 0 2070 3486; ppageno 0'>
   <div class='ocr_carea' id='block_1_1' title="bbox 771 282 1027 324">
    <p class='ocr_par' dir='ltr' id='par_1_1' title="bbox 771 282 1027 324">
     <span class='ocr_line' id='line_1_1' title="bbox 771 282 1027 324; baseline 0 0"><span class='ocrx_word' id='word_1_1' title='bbox 771 282 1027 324; x_wconf 79' lang='lat'>—665—</span> 
     </span>
    </p>
   </div>
   <div class='ocr_carea' id='block_1_2' title="bbox 118 367 1694 2974">
    <p class='ocr_par' dir='ltr' id='par_1_2' title="bbox 118 367 1694 2974">
     <span class='ocr_line' id='line_1_2' title="bbox 118 367 1678 431; baseline -0.002 -13"><span class='ocrx_word' id='word_1_2' title='bbox 118 377 292 426; x_wconf 87' lang='lat' dir='ltr'>dinem,</span> <span class='ocrx_word' id='word_1_3' title='bbox 336 390 423 431; x_wconf 75' lang='lat' dir='ltr'>que</span> <span class='ocrx_word' id='word_1_4' title='bbox 465 376 602 417; x_wconf 80' lang='lat' dir='ltr'>l&#39;ecisli</span> <span class='ocrx_word' id='word_1_5' title='bbox 648 377 810 417; x_wconf 75' lang='lat' dir='ltr'>noslris</span> <span class='ocrx_word' id='word_1_6' title='bbox 846 376 1256 431; x_wconf 66' lang='lat' dir='ltr'>predeei-ssoribns.</span> <span class='ocrx_word' id='word_1_7' title='bbox 1288 378 1327 416; x_wconf 82' lang='lat' dir='ltr'>et</span> <span class='ocrx_word' id='word_1_8' title='bbox 1373 367 1678 427; x_wconf 77' lang='lat' dir='ltr'>Magalonensi</span> 
     </span>
     <span class='ocr_line' id='line_1_3' title="bbox 119 445 1682 500; baseline -0.003 -11"><span class='ocrx_word' id='word_1_9' title='bbox 119 447 326 497; x_wconf 83' lang='lat' dir='ltr'>Ecclesie,</span> <span class='ocrx_word' id='word_1_10' title='bbox 364 450 402 488; x_wconf 82' lang='lat' dir='ltr'>el</span> <span class='ocrx_word' id='word_1_11' title='bbox 446 446 606 499; x_wconf 83' lang='lat' dir='ltr'>cotidie</span> <span class='ocrx_word' id='word_1_12' title='bbox 649 447 777 487; x_wconf 85' lang='lat' dir='ltr'>nobis</span> <span class='ocrx_word' id='word_1_13' title='bbox 809 451 852 488; x_wconf 76' lang='lat' dir='ltr'>ct</span> <span class='ocrx_word' id='word_1_14' title='bbox 879 447 1023 487; x_wconf 80' lang='lat' dir='ltr'>eidem</span> <span class='ocrx_word' id='word_1_15' title='bbox 1054 446 1243 487; x_wconf 80' lang='lat' dir='ltr'>Ecclesie</span> <span class='ocrx_word' id='word_1_16' title='bbox 1281 449 1416 500; x_wconf 74' lang='lat' dir='ltr'>alque</span> <span class='ocrx_word' id='word_1_17' title='bbox 1451 445 1682 485; x_wconf 83' lang='lat' dir='ltr'>comitatui</span> 
     </span>
     <span class='ocr_line' id='line_1_4' title="bbox 120 516 1683 572; baseline -0.001 -13"><span class='ocrx_word' id='word_1_18' title='bbox 120 518 318 572; x_wconf 78' lang='lat' dir='ltr'>Melgorii</span> <span class='ocrx_word' id='word_1_19' title='bbox 342 521 383 559; x_wconf 84' lang='lat' dir='ltr'>et</span> <span class='ocrx_word' id='word_1_20' title='bbox 408 517 789 568; x_wconf 77' lang='lat' dir='ltr'>Montisl&#39;errandi,</span> <span class='ocrx_word' id='word_1_21' title='bbox 822 531 1014 572; x_wconf 78' lang='lat' dir='ltr'>quorum</span> <span class='ocrx_word' id='word_1_22' title='bbox 1038 517 1194 558; x_wconf 79' lang='lat' dir='ltr'>existis</span> <span class='ocrx_word' id='word_1_23' title='bbox 1213 516 1520 558; x_wconf 82' lang='lat' dir='ltr'>cancellarius.</span> <span class='ocrx_word' id='word_1_24' title='bbox 1553 516 1683 557; x_wconf 64' lang='lat' dir='ltr'>cona—</span> 
     </span>
     <span class='ocr_line' id='line_1_5' title="bbox 122 586 1682 642; baseline -0.002 -12"><span class='ocrx_word' id='word_1_25' title='bbox 122 589 182 630; x_wconf 88' lang='lat' dir='ltr'>ris</span> <span class='ocrx_word' id='word_1_26' title='bbox 225 588 367 631; x_wconf 77' lang='lat' dir='ltr'>facere</span> <span class='ocrx_word' id='word_1_27' title='bbox 412 602 513 630; x_wconf 89' lang='lat' dir='ltr'>cum</span> <span class='ocrx_word' id='word_1_28' title='bbox 560 588 821 642; x_wconf 74' lang='lat' dir='ltr'>diligencia,</span> <span class='ocrx_word' id='word_1_29' title='bbox 861 602 1182 642; x_wconf 86' lang='lat' dir='ltr'>pensaremus,</span> <span class='ocrx_word' id='word_1_30' title='bbox 1223 588 1276 629; x_wconf 90' lang='lat' dir='ltr'>ad</span> <span class='ocrx_word' id='word_1_31' title='bbox 1325 587 1466 628; x_wconf 89' lang='lat' dir='ltr'>mullo</span> <span class='ocrx_word' id='word_1_32' title='bbox 1513 586 1682 641; x_wconf 85' lang='lat' dir='ltr'>majora</span> 
     </span>
     <span class='ocr_line' id='line_1_6' title="bbox 122 657 1682 708; baseline -0.003 -7"><span class='ocrx_word' id='word_1_33' title='bbox 122 662 328 702; x_wconf 89' lang='lat' dir='ltr'>tenemur</span> <span class='ocrx_word' id='word_1_34' title='bbox 344 662 389 701; x_wconf 85' lang='lat' dir='ltr'>et</span> <span class='ocrx_word' id='word_1_35' title='bbox 409 659 549 701; x_wconf 79' lang='lat' dir='ltr'>eciam</span> <span class='ocrx_word' id='word_1_36' title='bbox 575 662 822 701; x_wconf 82' lang='lat' dir='ltr'>teneamur.</span> <span class='ocrx_word' id='word_1_37' title='bbox 845 659 1092 700; x_wconf 68' lang='lat' dir='ltr'>‹lonaciime</span> <span class='ocrx_word' id='word_1_38' title='bbox 1113 660 1228 700; x_wconf 85' lang='lat' dir='ltr'>inter</span> <span class='ocrx_word' id='word_1_39' title='bbox 1251 659 1377 699; x_wconf 84' lang='lat' dir='ltr'>vivos</span> <span class='ocrx_word' id='word_1_40' title='bbox 1403 658 1496 708; x_wconf 73' lang='lat' dir='ltr'>tibi,</span> <span class='ocrx_word' id='word_1_41' title='bbox 1523 657 1682 699; x_wconf 88' lang='lat' dir='ltr'>saltem</span> 
     </span>
     <span class='ocr_line' id='line_1_7' title="bbox 120 729 1681 784; baseline -0.002 -12"><span class='ocrx_word' id='word_1_42' title='bbox 120 731 165 772; x_wconf 92' lang='lat' dir='ltr'>in</span> <span class='ocrx_word' id='word_1_43' title='bbox 180 731 591 773; x_wconf 85' lang='lat' dir='ltr'>remuneracionem</span> <span class='ocrx_word' id='word_1_44' title='bbox 609 731 671 772; x_wconf 92' lang='lat' dir='ltr'>tui</span> <span class='ocrx_word' id='word_1_45' title='bbox 687 730 877 772; x_wconf 86' lang='lat' dir='ltr'>servicii.</span> <span class='ocrx_word' id='word_1_46' title='bbox 894 731 1128 773; x_wconf 85' lang='lat' dir='ltr'>tradimus.</span> <span class='ocrx_word' id='word_1_47' title='bbox 1145 729 1431 771; x_wconf 71' lang='lat' dir='ltr'>concedimus</span> <span class='ocrx_word' id='word_1_48' title='bbox 1448 732 1681 784; x_wconf 80' lang='lat' dir='ltr'>perpetuo,</span> 
     </span>
     <span class='ocr_line' id='line_1_8' title="bbox 118 799 1683 856; baseline -0.003 -12"><span class='ocrx_word' id='word_1_49' title='bbox 118 805 164 844; x_wconf 84' lang='lat' dir='ltr'>et</span> <span class='ocrx_word' id='word_1_50' title='bbox 183 801 538 844; x_wconf 72' lang='lat' dir='ltr'>irrevocabiliter</span> <span class='ocrx_word' id='word_1_51' title='bbox 555 803 802 845; x_wconf 75' lang='lat' dir='ltr'>donamus:</span> <span class='ocrx_word' id='word_1_52' title='bbox 831 801 1093 856; x_wconf 66' lang='lat' dir='ltr'>prsd&#39;itentes</span> <span class='ocrx_word' id='word_1_53' title='bbox 1113 804 1152 842; x_wconf 85' lang='lat' dir='ltr'>et</span> <span class='ocrx_word' id='word_1_54' title='bbox 1176 803 1497 852; x_wconf 63' lang='lat' dir='ltr'>cognoscentes</span> <span class='ocrx_word' id='word_1_55' title='bbox 1519 799 1683 841; x_wconf 87' lang='lat' dir='ltr'>dictam</span> 
     </span>
     <span class='ocr_line' id='line_1_9' title="bbox 121 864 1686 928; baseline -0.003 -13"><span class='ocrx_word' id='word_1_56' title='bbox 121 873 357 928; x_wconf 86' lang='lat' dir='ltr'>pecuniam</span> <span class='ocrx_word' id='word_1_57' title='bbox 391 885 489 915; x_wconf 87' lang='lat' dir='ltr'>esse</span> <span class='ocrx_word' id='word_1_58' title='bbox 526 886 702 914; x_wconf 81' lang='lat' dir='ltr'>versam</span> <span class='ocrx_word' id='word_1_59' title='bbox 738 873 781 913; x_wconf 94' lang='lat' dir='ltr'>in</span> <span class='ocrx_word' id='word_1_60' title='bbox 825 864 1062 914; x_wconf 87' lang='lat' dir='ltr'>utilitatem</span> <span class='ocrx_word' id='word_1_61' title='bbox 1094 876 1293 914; x_wconf 88' lang='lat' dir='ltr'>nostram</span> <span class='ocrx_word' id='word_1_62' title='bbox 1323 875 1362 913; x_wconf 92' lang='lat' dir='ltr'>et</span> <span class='ocrx_word' id='word_1_63' title='bbox 1398 872 1686 927; x_wconf 71' lang='lat' dir='ltr'>episcopatus</span> 
     </span>
     <span class='ocr_line' id='line_1_10' title="bbox 122 941 1686 998; baseline -0.003 -12"><span class='ocrx_word' id='word_1_64' title='bbox 122 943 277 990; x_wconf 78' lang='lat' dir='ltr'>nostri,</span> <span class='ocrx_word' id='word_1_65' title='bbox 299 943 502 986; x_wconf 90' lang='lat' dir='ltr'>videlicet</span> <span class='ocrx_word' id='word_1_66' title='bbox 527 943 569 984; x_wconf 91' lang='grc'>111</span> <span class='ocrx_word' id='word_1_67' title='bbox 592 943 866 998; x_wconf 80' lang='lat' dir='ltr'>quibusdam</span> <span class='ocrx_word' id='word_1_68' title='bbox 891 944 1054 985; x_wconf 82' lang='lat' dir='ltr'>nostris</span> <span class='ocrx_word' id='word_1_69' title='bbox 1076 946 1116 984; x_wconf 88' lang='lat' dir='ltr'>et</span> <span class='ocrx_word' id='word_1_70' title='bbox 1140 943 1330 985; x_wconf 77' lang='lat' dir='ltr'>Ecclesie</span> <span class='ocrx_word' id='word_1_71' title='bbox 1355 941 1686 996; x_wconf 80' lang='lat' dir='ltr'>Magalonensis</span> 
     </span>
     <span class='ocr_line' id='line_1_11' title="bbox 122 1013 1684 1071; baseline -0.002 -14"><span class='ocrx_word' id='word_1_72' title='bbox 122 1015 319 1070; x_wconf 78' lang='lat' dir='ltr'>negociis</span> <span class='ocrx_word' id='word_1_73' title='bbox 348 1015 522 1071; x_wconf 82' lang='lat' dir='ltr'>magnis</span> <span class='ocrx_word' id='word_1_74' title='bbox 550 1018 589 1056; x_wconf 92' lang='lat' dir='ltr'>et</span> <span class='ocrx_word' id='word_1_75' title='bbox 621 1015 980 1056; x_wconf 58' lang='lat' dir='ltr'>inevitabilibus.</span> <span class='ocrx_word' id='word_1_76' title='bbox 1015 1015 1056 1055; x_wconf 93' lang='lat' dir='ltr'>in</span> <span class='ocrx_word' id='word_1_77' title='bbox 1091 1015 1259 1056; x_wconf 90' lang='lat' dir='ltr'>domini</span> <span class='ocrx_word' id='word_1_78' title='bbox 1291 1013 1533 1055; x_wconf 82' lang='lat' dir='ltr'>innocentii</span> <span class='ocrx_word' id='word_1_79' title='bbox 1571 1026 1684 1068; x_wconf 80' lang='lat' dir='ltr'>pape</span> 
     </span>
     <span class='ocr_line' id='line_1_12' title="bbox 123 1083 1687 1141; baseline -0.003 -13"><span class='ocrx_word' id='word_1_80' title='bbox 123 1085 269 1141; x_wconf 84' lang='lat' dir='ltr'>quarti</span> <span class='ocrx_word' id='word_1_81' title='bbox 298 1086 420 1128; x_wconf 91' lang='lat' dir='ltr'>curia</span> <span class='ocrx_word' id='word_1_82' title='bbox 445 1086 765 1140; x_wconf 69' lang='lat' dir='ltr'>procurandis:</span> <span class='ocrx_word' id='word_1_83' title='bbox 804 1088 843 1126; x_wconf 86' lang='lat' dir='ltr'>et</span> <span class='ocrx_word' id='word_1_84' title='bbox 875 1085 1186 1140; x_wconf 79' lang='lat' dir='ltr'>promictimus</span> <span class='ocrx_word' id='word_1_85' title='bbox 1227 1085 1319 1126; x_wconf 87' lang='lat' dir='ltr'>tibi.</span> <span class='ocrx_word' id='word_1_86' title='bbox 1353 1084 1566 1137; x_wconf 75' lang='lat' dir='ltr'>magistro</span> <span class='ocrx_word' id='word_1_87' title='bbox 1591 1083 1687 1124; x_wconf 84' lang='lat' dir='ltr'>Flo-</span> 
     </span>
     <span class='ocr_line' id='line_1_13' title="bbox 125 1154 1686 1212; baseline -0.003 -14"><span class='ocrx_word' id='word_1_88' title='bbox 125 1157 272 1198; x_wconf 88' lang='lat' dir='ltr'>rencio</span> <span class='ocrx_word' id='word_1_89' title='bbox 295 1156 606 1212; x_wconf 76' lang='lat' dir='ltr'>sollempniter</span> <span class='ocrx_word' id='word_1_90' title='bbox 633 1156 882 1210; x_wconf 85' lang='lat' dir='ltr'>stipulanti.</span> <span class='ocrx_word' id='word_1_91' title='bbox 909 1158 1026 1211; x_wconf 74' lang='lat' dir='ltr'>qnod</span> <span class='ocrx_word' id='word_1_92' title='bbox 1058 1156 1172 1197; x_wconf 87' lang='lat' dir='ltr'>dictn</span> <span class='ocrx_word' id='word_1_93' title='bbox 1203 1155 1355 1197; x_wconf 84' lang='lat' dir='ltr'>onmia</span> <span class='ocrx_word' id='word_1_94' title='bbox 1379 1155 1471 1196; x_wconf 91' lang='lat' dir='ltr'>tibi.</span> <span class='ocrx_word' id='word_1_95' title='bbox 1503 1170 1526 1196; x_wconf 86' lang='lat' dir='ltr'>n</span> <span class='ocrx_word' id='word_1_96' title='bbox 1558 1154 1686 1195; x_wconf 87' lang='lat' dir='ltr'>nobis</span> 
     </span>
     <span class='ocr_line' id='line_1_14' title="bbox 124 1226 1689 1283; baseline -0.001 -15"><span class='ocrx_word' id='word_1_97' title='bbox 124 1227 168 1268; x_wconf 90' lang='grc'>111</span> <span class='ocrx_word' id='word_1_98' title='bbox 189 1228 416 1283; x_wconf 85' lang='lat' dir='ltr'>acapitum</span> <span class='ocrx_word' id='word_1_99' title='bbox 454 1227 612 1269; x_wconf 83' lang='lat' dir='ltr'>tradita</span> <span class='ocrx_word' id='word_1_100' title='bbox 641 1230 683 1268; x_wconf 86' lang='lat' dir='ltr'>et</span> <span class='ocrx_word' id='word_1_101' title='bbox 717 1240 944 1277; x_wconf 75' lang='lat' dir='ltr'>concessa,</span> <span class='ocrx_word' id='word_1_102' title='bbox 985 1226 1198 1267; x_wconf 80' lang='lat' dir='ltr'>l&#39;aciemns</span> <span class='ocrx_word' id='word_1_103' title='bbox 1235 1230 1274 1268; x_wconf 90' lang='lat' dir='ltr'>te</span> <span class='ocrx_word' id='word_1_104' title='bbox 1307 1229 1343 1267; x_wconf 81' lang='lat' dir='ltr'>el</span> <span class='ocrx_word' id='word_1_105' title='bbox 1380 1230 1478 1267; x_wconf 87' lang='lat' dir='ltr'>tuos</span> <span class='ocrx_word' id='word_1_106' title='bbox 1510 1238 1689 1279; x_wconf 79' lang='lat' dir='ltr'>semper</span> 
     </span>
     <span class='ocr_line' id='line_1_15' title="bbox 124 1297 1689 1353; baseline -0.001 -13"><span class='ocrx_word' id='word_1_107' title='bbox 124 1299 305 1350; x_wconf 86' lang='lat' dir='ltr'>habere,</span> <span class='ocrx_word' id='word_1_108' title='bbox 333 1301 481 1340; x_wconf 88' lang='lat' dir='ltr'>tenere</span> <span class='ocrx_word' id='word_1_109' title='bbox 506 1298 687 1353; x_wconf 75' lang='lat' dir='ltr'>pacifice</span> <span class='ocrx_word' id='word_1_110' title='bbox 723 1302 761 1339; x_wconf 89' lang='lat' dir='ltr'>el</span> <span class='ocrx_word' id='word_1_111' title='bbox 798 1299 962 1353; x_wconf 74' lang='lat' dir='ltr'>quiete.</span> <span class='ocrx_word' id='word_1_112' title='bbox 990 1302 1029 1339; x_wconf 86' lang='lat' dir='ltr'>et</span> <span class='ocrx_word' id='word_1_113' title='bbox 1066 1299 1122 1339; x_wconf 92' lang='lat' dir='ltr'>ab</span> <span class='ocrx_word' id='word_1_114' title='bbox 1155 1297 1276 1338; x_wconf 88' lang='lat' dir='ltr'>omni</span> <span class='ocrx_word' id='word_1_115' title='bbox 1302 1310 1492 1352; x_wconf 86' lang='lat' dir='ltr'>persona</span> <span class='ocrx_word' id='word_1_116' title='bbox 1515 1300 1689 1338; x_wconf 84' lang='lat' dir='ltr'>contra—</span> 
     </span>
     <span class='ocr_line' id='line_1_16' title="bbox 123 1367 1689 1424; baseline -0.002 -13"><span class='ocrx_word' id='word_1_117' title='bbox 123 1369 314 1416; x_wconf 83' lang='lat' dir='ltr'>dicente,</span> <span class='ocrx_word' id='word_1_118' title='bbox 340 1369 649 1424; x_wconf 76' lang='lat' dir='ltr'>impugnante.</span> <span class='ocrx_word' id='word_1_119' title='bbox 677 1383 753 1411; x_wconf 85' lang='lat' dir='ltr'>seu</span> <span class='ocrx_word' id='word_1_120' title='bbox 789 1369 866 1410; x_wconf 89' lang='lat' dir='ltr'>tibi</span> <span class='ocrx_word' id='word_1_121' title='bbox 900 1370 995 1411; x_wconf 87' lang='lat' dir='ltr'>sive</span> <span class='ocrx_word' id='word_1_122' title='bbox 1025 1369 1111 1410; x_wconf 84' lang='lat' dir='ltr'>tuis</span> <span class='ocrx_word' id='word_1_123' title='bbox 1133 1368 1390 1423; x_wconf 82' lang='lat' dir='ltr'>injuriante.</span> <span class='ocrx_word' id='word_1_124' title='bbox 1424 1368 1490 1409; x_wconf 84' lang='lat' dir='ltr'>vel</span> <span class='ocrx_word' id='word_1_125' title='bbox 1522 1367 1689 1409; x_wconf 85' lang='lat' dir='ltr'>violen-</span> 
     </span>
     <span class='ocr_line' id='line_1_17' title="bbox 122 1438 1687 1495; baseline -0.002 -13"><span class='ocrx_word' id='word_1_126' title='bbox 122 1440 237 1482; x_wconf 89' lang='lat' dir='ltr'>ciam</span> <span class='ocrx_word' id='word_1_127' title='bbox 260 1439 496 1489; x_wconf 74' lang='lat' dir='ltr'>inferente,</span> <span class='ocrx_word' id='word_1_128' title='bbox 518 1453 654 1495; x_wconf 90' lang='lat' dir='ltr'>super</span> <span class='ocrx_word' id='word_1_129' title='bbox 673 1440 883 1495; x_wconf 76' lang='lat' dir='ltr'>predictis</span> <span class='ocrx_word' id='word_1_130' title='bbox 908 1440 973 1480; x_wconf 82' lang='lat' dir='ltr'>vel</span> <span class='ocrx_word' id='word_1_131' title='bbox 997 1440 1149 1494; x_wconf 82' lang='lat' dir='ltr'>aliquo</span> <span class='ocrx_word' id='word_1_132' title='bbox 1174 1439 1491 1493; x_wconf 80' lang='lat' dir='ltr'>predictorum.</span> <span class='ocrx_word' id='word_1_133' title='bbox 1520 1439 1563 1479; x_wconf 88' lang='lat' dir='ltr'>in</span> <span class='ocrx_word' id='word_1_134' title='bbox 1592 1438 1687 1493; x_wconf 81' lang='lat' dir='ltr'>jure</span> 
     </span>
     <span class='ocr_line' id='line_1_18' title="bbox 124 1510 1685 1567; baseline -0.003 -13"><span class='ocrx_word' id='word_1_135' title='bbox 124 1514 169 1554; x_wconf 87' lang='lat' dir='ltr'>et</span> <span class='ocrx_word' id='word_1_136' title='bbox 185 1511 398 1567; x_wconf 82' lang='lat' dir='ltr'>extrajus</span> <span class='ocrx_word' id='word_1_137' title='bbox 416 1510 753 1554; x_wconf 75' lang='lat' dir='ltr'>delfendemus:</span> <span class='ocrx_word' id='word_1_138' title='bbox 776 1511 1027 1565; x_wconf 72' lang='lat' dir='ltr'>obligantes</span> <span class='ocrx_word' id='word_1_139' title='bbox 1047 1510 1124 1551; x_wconf 92' lang='lat' dir='ltr'>tibi</span> <span class='ocrx_word' id='word_1_140' title='bbox 1146 1514 1189 1552; x_wconf 86' lang='lat' dir='ltr'>et.</span> <span class='ocrx_word' id='word_1_141' title='bbox 1206 1510 1293 1552; x_wconf 86' lang='lat' dir='ltr'>tuis</span> <span class='ocrx_word' id='word_1_142' title='bbox 1313 1524 1392 1565; x_wconf 91' lang='lat' dir='ltr'>pro</span> <span class='ocrx_word' id='word_1_143' title='bbox 1409 1510 1685 1551; x_wconf 87' lang='lat' dir='ltr'>evictione...</span> 
     </span>
     <span class='ocr_line' id='line_1_19' title="bbox 124 1581 1689 1638; baseline -0.002 -14"><span class='ocrx_word' id='word_1_144' title='bbox 124 1582 278 1625; x_wconf 87' lang='lat' dir='ltr'>omnia</span> <span class='ocrx_word' id='word_1_145' title='bbox 309 1582 430 1624; x_wconf 90' lang='lat' dir='ltr'>bona</span> <span class='ocrx_word' id='word_1_146' title='bbox 457 1585 500 1624; x_wconf 90' lang='lat' dir='ltr'>et</span> <span class='ocrx_word' id='word_1_147' title='bbox 521 1581 623 1636; x_wconf 90' lang='lat' dir='ltr'>jura</span> <span class='ocrx_word' id='word_1_148' title='bbox 651 1582 936 1638; x_wconf 84' lang='lat' dir='ltr'>episcopatus</span> <span class='ocrx_word' id='word_1_149' title='bbox 968 1581 1324 1635; x_wconf 63' lang='lat' dir='ltr'>xlagalo1wnsis;</span> <span class='ocrx_word' id='word_1_150' title='bbox 1363 1594 1498 1636; x_wconf 89' lang='lat' dir='ltr'>super</span> <span class='ocrx_word' id='word_1_151' title='bbox 1524 1581 1689 1636; x_wconf 89' lang='lat' dir='ltr'>quibus</span> 
     </span>
     <span class='ocr_line' id='line_1_20' title="bbox 124 1652 1689 1708; baseline -0.001 -13"><span class='ocrx_word' id='word_1_152' title='bbox 124 1654 349 1696; x_wconf 81' lang='lat' dir='ltr'>donamus</span> <span class='ocrx_word' id='word_1_153' title='bbox 370 1657 415 1696; x_wconf 87' lang='lat' dir='ltr'>et</span> <span class='ocrx_word' id='word_1_154' title='bbox 435 1653 723 1696; x_wconf 81' lang='lat' dir='ltr'>concedimus</span> <span class='ocrx_word' id='word_1_155' title='bbox 752 1653 831 1695; x_wconf 90' lang='lat' dir='ltr'>tibi</span> <span class='ocrx_word' id='word_1_156' title='bbox 853 1657 897 1695; x_wconf 82' lang='lat' dir='ltr'>et</span> <span class='ocrx_word' id='word_1_157' title='bbox 919 1653 1021 1699; x_wconf 79' lang='lat' dir='ltr'>tuis,</span> <span class='ocrx_word' id='word_1_158' title='bbox 1047 1667 1128 1708; x_wconf 90' lang='lat' dir='ltr'>pro</span> <span class='ocrx_word' id='word_1_159' title='bbox 1150 1653 1267 1694; x_wconf 87' lang='lat' dir='ltr'>dicta</span> <span class='ocrx_word' id='word_1_160' title='bbox 1289 1652 1524 1696; x_wconf 85' lang='lat' dir='ltr'>evictione.</span> <span class='ocrx_word' id='word_1_161' title='bbox 1551 1655 1689 1694; x_wconf 88' lang='lat' dir='ltr'>retor-</span> 
     </span>
     <span class='ocr_line' id='line_1_21' title="bbox 126 1722 1690 1780; baseline -0.001 -14"><span class='ocrx_word' id='word_1_162' title='bbox 126 1737 235 1766; x_wconf 88' lang='lat' dir='ltr'>num</span> <span class='ocrx_word' id='word_1_163' title='bbox 263 1724 516 1780; x_wconf 81' lang='lat' dir='ltr'>specialiter</span> <span class='ocrx_word' id='word_1_164' title='bbox 553 1727 595 1766; x_wconf 93' lang='lat' dir='ltr'>et</span> <span class='ocrx_word' id='word_1_165' title='bbox 634 1737 902 1779; x_wconf 80' lang='lat' dir='ltr'>regressum.</span> <span class='ocrx_word' id='word_1_166' title='bbox 937 1723 1245 1765; x_wconf 85' lang='lat' dir='ltr'>Promittimus</span> <span class='ocrx_word' id='word_1_167' title='bbox 1282 1723 1422 1765; x_wconf 87' lang='lat' dir='ltr'>eciam</span> <span class='ocrx_word' id='word_1_168' title='bbox 1459 1723 1536 1764; x_wconf 87' lang='lat' dir='ltr'>tibi</span> <span class='ocrx_word' id='word_1_169' title='bbox 1572 1722 1690 1765; x_wconf 91' lang='lat' dir='ltr'>dicto</span> 
     </span>
     <span class='ocr_line' id='line_1_22' title="bbox 128 1794 1689 1851; baseline -0.001 -15"><span class='ocrx_word' id='word_1_170' title='bbox 128 1795 396 1850; x_wconf 83' lang='lat' dir='ltr'>magistro...</span> <span class='ocrx_word' id='word_1_171' title='bbox 419 1796 541 1851; x_wconf 90' lang='lat' dir='ltr'>quod</span> <span class='ocrx_word' id='word_1_172' title='bbox 557 1798 712 1837; x_wconf 87' lang='lat' dir='ltr'>contra</span> <span class='ocrx_word' id='word_1_173' title='bbox 727 1795 831 1837; x_wconf 86' lang='lat' dir='ltr'>dicti</span> <span class='ocrx_word' id='word_1_174' title='bbox 846 1795 1009 1850; x_wconf 82' lang='lat' dir='ltr'>acapiti</span> <span class='ocrx_word' id='word_1_175' title='bbox 1031 1794 1320 1836; x_wconf 83' lang='lat' dir='ltr'>dacionem...</span> <span class='ocrx_word' id='word_1_176' title='bbox 1344 1808 1431 1835; x_wconf 86' lang='lat' dir='ltr'>non</span> <span class='ocrx_word' id='word_1_177' title='bbox 1454 1794 1689 1835; x_wconf 78' lang='lat' dir='ltr'>veniemus</span> 
     </span>
     <span class='ocr_line' id='line_1_23' title="bbox 126 1864 1690 1922; baseline -0.001 -15"><span class='ocrx_word' id='word_1_178' title='bbox 126 1879 206 1908; x_wconf 89' lang='grc'><strong>1100</strong></span> <span class='ocrx_word' id='word_1_179' title='bbox 240 1866 392 1922; x_wconf 83' lang='lat' dir='ltr'>aliqua</span> <span class='ocrx_word' id='word_1_180' title='bbox 425 1879 616 1921; x_wconf 79' lang='lat' dir='ltr'>persona</span> <span class='ocrx_word' id='word_1_181' title='bbox 658 1866 957 1908; x_wconf 79' lang='lat' dir='ltr'>ecclesiastica</span> <span class='ocrx_word' id='word_1_182' title='bbox 996 1866 1067 1907; x_wconf 79' lang='lat' dir='ltr'>vel</span> <span class='ocrx_word' id='word_1_183' title='bbox 1103 1865 1302 1907; x_wconf 85' lang='lat' dir='ltr'>civilis...</span> <span class='ocrx_word' id='word_1_184' title='bbox 1350 1865 1426 1906; x_wconf 87' lang='lat' dir='ltr'>sed</span> <span class='ocrx_word' id='word_1_185' title='bbox 1460 1864 1613 1906; x_wconf 92' lang='lat' dir='ltr'>omnia</span> <span class='ocrx_word' id='word_1_186' title='bbox 1648 1866 1690 1905; x_wconf 93' lang='lat' dir='ltr'>et</span> 
     </span>
     <span class='ocr_line' id='line_1_24' title="bbox 125 1936 1691 1992; baseline -0.001 -14"><span class='ocrx_word' id='word_1_187' title='bbox 125 1937 301 1992; x_wconf 84' lang='lat' dir='ltr'>singula</span> <span class='ocrx_word' id='word_1_188' title='bbox 338 1937 597 1992; x_wconf 85' lang='lat' dir='ltr'>supradicta</span> <span class='ocrx_word' id='word_1_189' title='bbox 630 1937 759 1979; x_wconf 76' lang='lat' dir='ltr'>firma</span> <span class='ocrx_word' id='word_1_190' title='bbox 788 1940 829 1979; x_wconf 84' lang='lat' dir='ltr'>et</span> <span class='ocrx_word' id='word_1_191' title='bbox 860 1937 1128 1979; x_wconf 84' lang='lat' dir='ltr'>inconcussa</span> <span class='ocrx_word' id='word_1_192' title='bbox 1151 1936 1362 1977; x_wconf 79' lang='lat' dir='ltr'>volumus</span> <span class='ocrx_word' id='word_1_193' title='bbox 1393 1938 1611 1990; x_wconf 84' lang='lat' dir='ltr'>perpetuo</span> <span class='ocrx_word' id='word_1_194' title='bbox 1649 1938 1691 1976; x_wconf 89' lang='lat' dir='ltr'>et</span> 
     </span>
     <span class='ocr_line' id='line_1_25' title="bbox 126 2006 1690 2064; baseline -0.001 -15"><span class='ocrx_word' id='word_1_195' title='bbox 126 2008 478 2051; x_wconf 80' lang='lat' dir='ltr'>irrevocabiliter</span> <span class='ocrx_word' id='word_1_196' title='bbox 504 2022 799 2064; x_wconf 89' lang='lat' dir='ltr'>permanere;</span> <span class='ocrx_word' id='word_1_197' title='bbox 824 2009 1195 2064; x_wconf 78' lang='lat' dir='ltr'>promittentes...</span> <span class='ocrx_word' id='word_1_198' title='bbox 1227 2008 1349 2062; x_wconf 86' lang='lat' dir='ltr'>quod</span> <span class='ocrx_word' id='word_1_199' title='bbox 1377 2021 1466 2048; x_wconf 91' lang='grc'><strong>11011</strong></span> <span class='ocrx_word' id='word_1_200' title='bbox 1489 2006 1690 2048; x_wconf 77' lang='lat' dir='ltr'>diximus</span> 
     </span>
     <span class='ocr_line' id='line_1_26' title="bbox 125 2078 1691 2135; baseline -0.001 -15"><span class='ocrx_word' id='word_1_201' title='bbox 125 2079 351 2134; x_wconf 89' lang='lat' dir='ltr'>aliquid...</span> <span class='ocrx_word' id='word_1_202' title='bbox 383 2080 626 2135; x_wconf 84' lang='lat' dir='ltr'>quominus</span> <span class='ocrx_word' id='word_1_203' title='bbox 656 2080 853 2135; x_wconf 89' lang='lat' dir='ltr'>predicta</span> <span class='ocrx_word' id='word_1_204' title='bbox 884 2080 1035 2121; x_wconf 91' lang='lat' dir='ltr'>omnia</span> <span class='ocrx_word' id='word_1_205' title='bbox 1069 2082 1111 2121; x_wconf 89' lang='lat' dir='ltr'>et</span> <span class='ocrx_word' id='word_1_206' title='bbox 1151 2078 1327 2133; x_wconf 86' lang='lat' dir='ltr'>singula</span> <span class='ocrx_word' id='word_1_207' title='bbox 1358 2078 1691 2133; x_wconf 87' lang='lat' dir='ltr'>imperpetuum</span> 
     </span>
     <span class='ocr_line' id='line_1_27' title="bbox 127 2148 1693 2210; baseline -0.001 -19"><span class='ocrx_word' id='word_1_208' title='bbox 127 2149 259 2193; x_wconf 78' lang='lat' dir='ltr'>firma</span> <span class='ocrx_word' id='word_1_209' title='bbox 285 2153 329 2210; x_wconf 79' lang='lat' dir='ltr'>et</span> <span class='ocrx_word' id='word_1_210' title='bbox 353 2150 634 2193; x_wconf 76' lang='lat' dir='ltr'>irrevocabili</span> <span class='ocrx_word' id='word_1_211' title='bbox 655 2152 882 2205; x_wconf 82' lang='lat' dir='ltr'>gaudeant</span> <span class='ocrx_word' id='word_1_212' title='bbox 904 2150 1116 2191; x_wconf 79' lang='lat' dir='ltr'>firmitate</span> <span class='ocrx_word' id='word_1_213' title='bbox 1136 2164 1144 2196; x_wconf 89' lang='lat'>;</span> <span class='ocrx_word' id='word_1_214' title='bbox 1170 2152 1212 2191; x_wconf 88' lang='lat' dir='ltr'>et</span> <span class='ocrx_word' id='word_1_215' title='bbox 1234 2150 1435 2204; x_wconf 85' lang='lat' dir='ltr'>inspecta</span> <span class='ocrx_word' id='word_1_216' title='bbox 1456 2148 1693 2203; x_wconf 78' lang='lat' dir='ltr'>diligenter</span> 
     </span>
     <span class='ocr_line' id='line_1_28' title="bbox 126 2220 1690 2275; baseline -0.002 -12"><span class='ocrx_word' id='word_1_217' title='bbox 126 2224 170 2263; x_wconf 89' lang='lat' dir='ltr'>et</span> <span class='ocrx_word' id='word_1_218' title='bbox 195 2224 369 2263; x_wconf 82' lang='lat' dir='ltr'>attenta</span> <span class='ocrx_word' id='word_1_219' title='bbox 395 2221 559 2264; x_wconf 83' lang='lat' dir='ltr'>exinde</span> <span class='ocrx_word' id='word_1_220' title='bbox 587 2221 842 2264; x_wconf 76' lang='lat' dir='ltr'>confluente</span> <span class='ocrx_word' id='word_1_221' title='bbox 863 2221 1070 2269; x_wconf 74' lang='lat' dir='ltr'>utilitate.</span> <span class='ocrx_word' id='word_1_222' title='bbox 1103 2234 1192 2262; x_wconf 89' lang='grc'><strong>11011</strong></span> <span class='ocrx_word' id='word_1_223' title='bbox 1221 2220 1366 2262; x_wconf 90' lang='lat' dir='ltr'>solum</span> <span class='ocrx_word' id='word_1_224' title='bbox 1391 2222 1558 2263; x_wconf 88' lang='lat' dir='ltr'>nostra.</span> <span class='ocrx_word' id='word_1_225' title='bbox 1586 2232 1690 2275; x_wconf 74' lang='lat' dir='ltr'>ymo</span> 
     </span>
     <span class='ocr_line' id='line_1_29' title="bbox 127 2291 1691 2349; baseline -0.002 -15"><span class='ocrx_word' id='word_1_226' title='bbox 127 2296 172 2334; x_wconf 90' lang='lat' dir='ltr'>et</span> <span class='ocrx_word' id='word_1_227' title='bbox 211 2295 361 2335; x_wconf 88' lang='lat' dir='ltr'>nostre</span> <span class='ocrx_word' id='word_1_228' title='bbox 388 2292 595 2337; x_wconf 85' lang='lat' dir='ltr'>diocesis.</span> <span class='ocrx_word' id='word_1_229' title='bbox 627 2296 670 2335; x_wconf 91' lang='lat' dir='ltr'>et</span> <span class='ocrx_word' id='word_1_230' title='bbox 706 2293 915 2349; x_wconf 86' lang='lat' dir='ltr'>precipue</span> <span class='ocrx_word' id='word_1_231' title='bbox 951 2292 1090 2348; x_wconf 88' lang='lat' dir='ltr'>partis</span> <span class='ocrx_word' id='word_1_232' title='bbox 1115 2295 1265 2334; x_wconf 87' lang='lat' dir='ltr'>nostre</span> <span class='ocrx_word' id='word_1_233' title='bbox 1295 2291 1397 2333; x_wconf 90' lang='lat' dir='ltr'>ville</span> <span class='ocrx_word' id='word_1_234' title='bbox 1422 2291 1691 2345; x_wconf 79' lang='lat' dir='ltr'>Montispes—</span> 
     </span>
     <span class='ocr_line' id='line_1_30' title="bbox 127 2361 1692 2419; baseline -0.002 -14"><span class='ocrx_word' id='word_1_235' title='bbox 127 2363 295 2413; x_wconf 85' lang='lat' dir='ltr'>sulani,</span> <span class='ocrx_word' id='word_1_236' title='bbox 331 2366 425 2406; x_wconf 89' lang='lat' dir='ltr'>tum</span> <span class='ocrx_word' id='word_1_237' title='bbox 453 2364 561 2419; x_wconf 87' lang='lat' dir='ltr'>quia</span> <span class='ocrx_word' id='word_1_238' title='bbox 593 2365 751 2407; x_wconf 88' lang='lat' dir='ltr'>eadem</span> <span class='ocrx_word' id='word_1_239' title='bbox 785 2378 888 2419; x_wconf 86' lang='lat' dir='ltr'>pars</span> <span class='ocrx_word' id='word_1_240' title='bbox 926 2367 1093 2406; x_wconf 85' lang='lat' dir='ltr'>nostra.</span> <span class='ocrx_word' id='word_1_241' title='bbox 1120 2366 1302 2418; x_wconf 86' lang='lat' dir='ltr'>propter</span> <span class='ocrx_word' id='word_1_242' title='bbox 1329 2361 1505 2404; x_wconf 79' lang='lat' dir='ltr'>edificia</span> <span class='ocrx_word' id='word_1_243' title='bbox 1533 2375 1619 2417; x_wconf 82' lang='lat' dir='ltr'>que</span> <span class='ocrx_word' id='word_1_244' title='bbox 1648 2361 1692 2402; x_wconf 90' lang='lat' dir='ltr'>in</span> 
     </span>
     <span class='ocr_line' id='line_1_31' title="bbox 126 2433 1690 2490; baseline -0.002 -14"><span class='ocrx_word' id='word_1_245' title='bbox 126 2435 245 2477; x_wconf 89' lang='lat' dir='ltr'>dicto</span> <span class='ocrx_word' id='word_1_246' title='bbox 272 2434 400 2477; x_wconf 82' lang='lat' dir='ltr'>locali</span> <span class='ocrx_word' id='word_1_247' title='bbox 437 2435 652 2490; x_wconf 87' lang='lat' dir='ltr'>proponis</span> <span class='ocrx_word' id='word_1_248' title='bbox 682 2438 726 2477; x_wconf 93' lang='lat' dir='ltr'>et</span> <span class='ocrx_word' id='word_1_249' title='bbox 761 2435 926 2478; x_wconf 84' lang='lat' dir='ltr'>asseris</span> <span class='ocrx_word' id='word_1_250' title='bbox 967 2438 1006 2477; x_wconf 87' lang='lat' dir='ltr'>te</span> <span class='ocrx_word' id='word_1_251' title='bbox 1047 2434 1294 2478; x_wconf 80' lang='lat' dir='ltr'>facturum.</span> <span class='ocrx_word' id='word_1_252' title='bbox 1339 2447 1428 2475; x_wconf 94' lang='lat' dir='ltr'>non</span> <span class='ocrx_word' id='word_1_253' title='bbox 1464 2433 1690 2475; x_wconf 89' lang='lat' dir='ltr'>modicum</span> 
     </span>
     <span class='ocr_line' id='line_1_32' title="bbox 127 2505 1692 2562; baseline -0.002 -14"><span class='ocrx_word' id='word_1_254' title='bbox 127 2506 390 2554; x_wconf 86' lang='lat' dir='ltr'>decoretur,</span> <span class='ocrx_word' id='word_1_255' title='bbox 427 2509 520 2548; x_wconf 89' lang='lat' dir='ltr'>tum</span> <span class='ocrx_word' id='word_1_256' title='bbox 556 2506 662 2562; x_wconf 85' lang='lat' dir='ltr'>quia</span> <span class='ocrx_word' id='word_1_257' title='bbox 689 2510 858 2562; x_wconf 84' lang='lat' dir='ltr'>quanto</span> <span class='ocrx_word' id='word_1_258' title='bbox 889 2506 1045 2548; x_wconf 88' lang='lat' dir='ltr'>domui</span> <span class='ocrx_word' id='word_1_259' title='bbox 1079 2508 1255 2552; x_wconf 73' lang='lat' dir='ltr'>nostre.</span> <span class='ocrx_word' id='word_1_260' title='bbox 1302 2505 1346 2546; x_wconf 90' lang='grc'>111</span> <span class='ocrx_word' id='word_1_261' title='bbox 1380 2505 1536 2546; x_wconf 84' lang='lat' dir='ltr'>eadem</span> <span class='ocrx_word' id='word_1_262' title='bbox 1568 2507 1692 2559; x_wconf 88' lang='lat' dir='ltr'>parte</span> 
     </span>
     <span class='ocr_line' id='line_1_33' title="bbox 128 2575 1690 2632; baseline -0.002 -14"><span class='ocrx_word' id='word_1_263' title='bbox 128 2580 395 2626; x_wconf 83' lang='lat' dir='ltr'>constructe,</span> <span class='ocrx_word' id='word_1_264' title='bbox 421 2577 696 2632; x_wconf 88' lang='lat' dir='ltr'>dignosceris</span> <span class='ocrx_word' id='word_1_265' title='bbox 725 2577 926 2624; x_wconf 80' lang='lat' dir='ltr'>vicinior,</span> <span class='ocrx_word' id='word_1_266' title='bbox 969 2580 1092 2619; x_wconf 89' lang='lat' dir='ltr'>tanto</span> <span class='ocrx_word' id='word_1_267' title='bbox 1114 2580 1157 2619; x_wconf 89' lang='lat' dir='ltr'>et</span> <span class='ocrx_word' id='word_1_268' title='bbox 1186 2590 1266 2618; x_wconf 90' lang='lat' dir='ltr'>nos</span> <span class='ocrx_word' id='word_1_269' title='bbox 1287 2579 1331 2618; x_wconf 88' lang='lat' dir='ltr'>et</span> <span class='ocrx_word' id='word_1_270' title='bbox 1358 2575 1499 2617; x_wconf 83' lang='lat' dir='ltr'>nostri</span> <span class='ocrx_word' id='word_1_271' title='bbox 1520 2589 1690 2616; x_wconf 85' lang='lat' dir='ltr'>succes-</span> 
     </span>
     <span class='ocr_line' id='line_1_34' title="bbox 129 2647 1694 2704; baseline -0.002 -14"><span class='ocrx_word' id='word_1_272' title='bbox 129 2662 252 2691; x_wconf 86' lang='lat' dir='ltr'>sores</span> <span class='ocrx_word' id='word_1_273' title='bbox 275 2649 319 2690; x_wconf 90' lang='lat' dir='ltr'>in</span> <span class='ocrx_word' id='word_1_274' title='bbox 341 2649 677 2704; x_wconf 77' lang='lat' dir='ltr'>emergentibus</span> <span class='ocrx_word' id='word_1_275' title='bbox 700 2649 910 2703; x_wconf 83' lang='lat' dir='ltr'>negociis,</span> <span class='ocrx_word' id='word_1_276' title='bbox 937 2650 991 2691; x_wconf 91' lang='lat' dir='ltr'>de</span> <span class='ocrx_word' id='word_1_277' title='bbox 1016 2652 1088 2690; x_wconf 88' lang='lat' dir='ltr'>tue</span> <span class='ocrx_word' id='word_1_278' title='bbox 1110 2647 1397 2690; x_wconf 65' lang='lat' dir='ltr'>discrecicmis</span> <span class='ocrx_word' id='word_1_279' title='bbox 1416 2647 1694 2701; x_wconf 86' lang='lat' dir='ltr'>circunspec-</span> 
     </span>
     <span class='ocr_line' id='line_1_35' title="bbox 133 2716 1692 2774; baseline -0.001 -15"><span class='ocrx_word' id='word_1_280' title='bbox 133 2718 267 2767; x_wconf 82' lang='lat' dir='ltr'>tione,</span> <span class='ocrx_word' id='word_1_281' title='bbox 299 2719 547 2774; x_wconf 82' lang='lat' dir='ltr'>poterimus</span> <span class='ocrx_word' id='word_1_282' title='bbox 576 2719 748 2762; x_wconf 82' lang='lat' dir='ltr'>lacilius</span> <span class='ocrx_word' id='word_1_283' title='bbox 776 2723 818 2762; x_wconf 88' lang='lat' dir='ltr'>et</span> <span class='ocrx_word' id='word_1_284' title='bbox 853 2719 1005 2774; x_wconf 79' lang='lat' dir='ltr'>sepius</span> <span class='ocrx_word' id='word_1_285' title='bbox 1041 2718 1335 2761; x_wconf 89' lang='lat' dir='ltr'>communiri:</span> <span class='ocrx_word' id='word_1_286' title='bbox 1375 2716 1692 2759; x_wconf 83' lang='lat' dir='ltr'>renunciamus</span> 
     </span>
     <span class='ocr_line' id='line_1_36' title="bbox 131 2790 1692 2845; baseline -0.002 -13"><span class='ocrx_word' id='word_1_287' title='bbox 131 2790 436 2845; x_wconf 85' lang='lat' dir='ltr'>specialiter...</span> <span class='ocrx_word' id='word_1_288' title='bbox 467 2791 684 2833; x_wconf 79' lang='lat' dir='ltr'>beneficio</span> <span class='ocrx_word' id='word_1_289' title='bbox 713 2790 1014 2832; x_wconf 88' lang='lat' dir='ltr'>restitucionis</span> <span class='ocrx_word' id='word_1_290' title='bbox 1046 2791 1088 2831; x_wconf 96' lang='lat' dir='ltr'>in</span> <span class='ocrx_word' id='word_1_291' title='bbox 1113 2790 1410 2845; x_wconf 82' lang='lat' dir='ltr'>integrum....</span> <span class='ocrx_word' id='word_1_292' title='bbox 1438 2791 1480 2829; x_wconf 84' lang='lat' dir='ltr'>et</span> <span class='ocrx_word' id='word_1_293' title='bbox 1506 2801 1692 2841; x_wconf 74' lang='lat' dir='ltr'>genera-</span> 
     </span>
     <span class='ocr_line' id='line_1_37' title="bbox 129 2857 1690 2917; baseline -0.003 -15"><span class='ocrx_word' id='word_1_294' title='bbox 129 2860 230 2902; x_wconf 90' lang='lat' dir='ltr'>liter</span> <span class='ocrx_word' id='word_1_295' title='bbox 258 2861 382 2903; x_wconf 91' lang='lat' dir='ltr'>omni</span> <span class='ocrx_word' id='word_1_296' title='bbox 408 2861 569 2917; x_wconf 72' lang='lat' dir='ltr'>juri....</span> <span class='ocrx_word' id='word_1_297' title='bbox 602 2862 822 2916; x_wconf 84' lang='lat' dir='ltr'>quibus...</span> <span class='ocrx_word' id='word_1_298' title='bbox 862 2861 1062 2916; x_wconf 84' lang='lat' dir='ltr'>predicta</span> <span class='ocrx_word' id='word_1_299' title='bbox 1096 2860 1163 2902; x_wconf 82' lang='lat' dir='ltr'>vel</span> <span class='ocrx_word' id='word_1_300' title='bbox 1193 2862 1247 2902; x_wconf 92' lang='lat' dir='ltr'>de</span> <span class='ocrx_word' id='word_1_301' title='bbox 1279 2858 1488 2914; x_wconf 85' lang='lat' dir='ltr'>predictis</span> <span class='ocrx_word' id='word_1_302' title='bbox 1522 2857 1690 2912; x_wconf 79' lang='lat' dir='ltr'>aliquid</span> 
     </span>
     <span class='ocr_line' id='line_1_38' title="bbox 130 2931 832 2974; baseline 0.001 -2"><span class='ocrx_word' id='word_1_303' title='bbox 130 2931 361 2973; x_wconf 75' lang='lat' dir='ltr'>infirmare</span> <span class='ocrx_word' id='word_1_304' title='bbox 384 2932 454 2973; x_wconf 83' lang='lat' dir='ltr'>vel</span> <span class='ocrx_word' id='word_1_305' title='bbox 478 2932 619 2974; x_wconf 84' lang='lat' dir='ltr'>eciam</span> <span class='ocrx_word' id='word_1_306' title='bbox 644 2932 832 2974; x_wconf 86' lang='lat' dir='ltr'>irritare.</span> 
     </span>
    </p>
   </div>
  </div>
 </body>
</html>
