2070 3486
751 310 797 314 -
837 283 922 326 683
959 309 1009 313 —

95 377 264 419 intuitu
287 377 356 418 vel
386 378 769 432 contemplacione
796 377 1136 433 jurisdictionis,
1168 377 1356 419 dominii
1386 380 1426 418 et
1457 378 1664 419 senhorie

96 448 407 503 spectantibus
429 450 752 502 quoquomodo
774 464 781 491 :

159 519 243 560 Pro
261 519 426 573 quibus
446 519 658 560 omnibus
678 524 717 561 et
742 519 929 575 singulis
945 519 1230 574 supradictis.
1257 519 1385 560 vobis
1406 519 1670 573 recogniti&-

97 603 184 631 nos
212 592 256 632 et
283 589 423 631 nostri
452 603 748 633 successores,
780 590 949 632 dietum
984 590 1165 632 feudum
1197 593 1415 634 tenentes.
1443 590 1663 632 debemus

101 663 146 702 et
176 663 381 702 tenemur
413 660 562 716 jurare
597 664 638 702 et
669 664 817 703 tenere
847 661 1111 703 fidelitatem
1143 662 1270 703 vobis
1298 664 1341 703 ct
1369 661 1531 703 vestris
1565 675 1663 702 suc-

100 731 370 778 cessoribus,
401 718 643 773 comitibus
680 735 723 773 et
757 732 953 773 dominis
978 732 1176 785 melgorii
1205 735 1247 773 et
1277 731 1655 774 Miiintisferrandi.

161 803 214 844 Et
230 815 327 850 nos,
347 802 391 844 in
408 803 621 857 presenti,
645 817 723 856 pro
744 803 953 857 predictis
970 803 1175 858 juramus
1191 803 1334 849 vobis,
1355 817 1491 858 super
1513 805 1667 845 sancta

101 873 179 916 Dei
209 873 470 928 evangelia,
505 886 531 914 a
560 873 688 914 nobis
717 873 1006 928 corporaliter
1030 876 1167 916 tacta.
1201 874 1339 915 vitam
1369 876 1413 916 et
1441 875 1659 919 membra,

102 947 146 987 et
161 944 253 987 alia
273 957 360 999 que
382 944 426 985 in
445 947 726 985 sacramento
751 943 977 985 fidelitatis
997 944 1298 991 eontinentur,
1317 946 1421 986 dato
1441 944 1669 986 firmitatis

102 1014 256 1058 osculo
271 1017 406 1070 atque
430 1014 572 1070 pacis:
599 1015 932 1070 promictentes.
960 1016 1044 1056 sul)
1066 1017 1222 1057 eodem
1246 1016 1516 1071 juramento.
1542 1016 1670 1056 vobis

103 1086 287 1129 domino
328 1086 539 1141 episcopo
584 1087 870 1140 supradicto,
907 1086 1057 1128 comiti
1094 1090 1137 1128 et
1168 1087 1352 1127 domino
1387 1087 1586 1141 Melgorii
1628 1091 1670 1128 et

103 1157 494 1200 Montisferrandi.
538 1159 658 1212 quod
701 1157 743 1198 in
786 1171 979 1212 persona
1022 1161 1187 1207 vestra,
1232 1158 1446 1199 membris
1490 1158 1666 1200 vestris.

103 1228 277 1275 castris,
310 1227 443 1273 villis,
488 1228 837 1270 municionibus.
879 1228 1054 1283 juribus
1082 1231 1125 1270 et
1153 1229 1402 1270 rationibus
1440 1229 1602 1270 vestris
1630 1233 1673 1271 et

104 1299 208 1342 dicti
241 1299 482 1342 comitatus
515 1298 824 1341 deffensandis
851 1303 895 1341 et
922 1300 1255 1346 custmliendis,
1287 1300 1498 1355 dampnis
1531 1300 1670 1342 eciam

104 1374 148 1413 et
174 1370 383 1426 periculis
411 1384 491 1425 pro
521 1370 692 1411 viribus
720 1370 959 1417 evitandis,
990 1374 1160 1412 ses-reto
1191 1372 1399 1415 tenendo,
1432 1384 1601 1412 necnon
1631 1374 1671 1412 et

106 1442 149 1484 in
176 1441 276 1484 aliis
310 1441 534 1483 universis
569 1444 612 1483 et
647 1441 835 1495 singulis
864 1441 1099 1483 servandis
1127 1445 1165 1482 et
1207 1441 1468 1496 implendis.
1513 1456 1599 1496 que
1629 1442 1670 1483 in

105 1517 386 1556 sacramento
410 1513 640 1555 fidelitatis
662 1513 963 1554 continentur.
994 1513 1147 1554 fideles
1170 1513 1339 1554 erimus
1359 1516 1398 1554 et
1422 1514 1588 1554 devoti.

165 1584 400 1626 Faciemus
427 1583 567 1625 eciam
592 1597 672 1638 pro
705 1583 822 1625 dicto
852 1583 1001 1625 feudo.
1028 1597 1109 1624 nos
1136 1586 1181 1624 ct
1210 1583 1347 1625 nostri
1371 1597 1668 1626 successores.

106 1654 255 1711 ipsum
281 1654 465 1696 feudum
491 1657 710 1700 tenentes,
738 1654 866 1696 vobis
893 1657 937 1696 et
966 1654 1127 1696 vestris
1156 1654 1507 1703 successoribus,
1537 1654 1676 1697 comi-

108 1726 228 1768 tibus
260 1729 305 1768 et
335 1726 531 1768 dominis
563 1725 763 1779 Melgorii
799 1729 843 1767 et
872 1725 1237 1767 Montisferrandi
1257 1760 1264 1775 ,
1288 1726 1540 1771 annuatim,
1572 1739 1672 1768 cum

108 1797 326 1840 fuerimus
362 1797 562 1852 requisiti
590 1801 633 1839 et
663 1811 753 1839 non
774 1797 917 1844 aliter,
945 1810 1026 1852 ego
1054 1797 1198 1839 dietus
1227 1797 1418 1839 Poncius
1446 1798 1674 1852 albergam

105 1869 285 1911 duobus
318 1868 562 1910 militibus.
591 1871 633 1910 et
665 1881 746 1924 ego
777 1868 922 1910 dietus
948 1869 1126 1914 Petrus,
1157 1868 1389 1922 albergam
1420 1869 1496 1910 uni
1525 1869 1670 1914 militi.

106 1943 150 1982 et
176 1953 259 1995 ego
296 1940 442 1982 dictus
487 1940 800 1994 Berengarius,
837 1939 1066 1994 albergam
1105 1940 1184 1981 uni
1224 1940 1376 1987 militi;
1422 1939 1480 1981 ita
1524 1943 1675 1981 tamen

106 2013 244 2068 quod,
266 2011 311 2052 in
333 2011 466 2053 annis
485 2014 528 2053 et
551 2024 630 2066 pro
651 2011 783 2053 annis
803 2011 846 2052 iu
867 2011 1032 2066 quibus
1056 2024 1145 2052 non
1169 2011 1465 2066 requiremur,
1490 2010 1674 2052 minime
1712 2004 1716 2008 ⁴

108 2085 358 2129 teneamur,
386 2095 480 2125 nee.
508 2086 690 2137 propter
712 2083 1015 2124 cessat-ionem
1033 2082 1128 2123 sine
1150 2082 1456 2137 requisitmne.
1488 2082 1673 2124 feudum

108 2153 276 2196 incidat
301 2153 347 2195 in
375 2154 638 2196 comissum.

165 2296 218 2339 Et
244 2310 327 2339 nos
354 2296 582 2352 predictus
609 2295 875 2351 episcopus,
914 2309 1065 2338 comes
1093 2298 1137 2337 ct
1164 2295 1377 2337 dominus
1405 2295 1606 2350 Melgorii
1635 2297 1677 2336 et

106 2367 488 2414 Montisferrandi,
515 2367 715 2423 predicta
746 2367 900 2409 omnia
932 2381 1038 2409 vera
1066 2381 1164 2409 esse
1187 2367 1394 2414 scientes,
1421 2380 1500 2421 per
1527 2379 1608 2407 nos
1635 2368 1674 2407 et

107 2442 285 2482 nostros
313 2436 596 2481 successores
621 2438 865 2493 recipimus
896 2452 990 2482 vos,
1026 2441 1239 2493 tanquam
1271 2437 1426 2480 fideles
1454 2437 1675 2479 vassallos

108 2513 153 2553 et
172 2510 463 2557 feudatarios‚
489 2510 533 2551 in
557 2510 832 2565 protectione
861 2513 905 2551 et
932 2509 1228 2551 deffensione.
1254 2512 1390 2564 atque
1420 2509 1463 2550 in
1488 2509 1563 2550 Dei
1589 2507 1677 2549 fide

108 2584 153 2624 et
172 2583 349 2627 nostra;
375 2581 612 2623 laudantes
639 2583 681 2622 et
703 2580 1027 2623 confirmantes
1052 2579 1180 2622 vobis
1203 2582 1245 2621 et
1271 2580 1431 2622 vestris
1454 2579 1607 2622 onmia
1634 2581 1673 2620 et

111 2651 289 2707 singula
309 2652 583 2707 supradicta.

170 2723 359 2778 Insuper
375 2722 822 2770 eciamconcedimus
839 2722 983 2768 vobis,
1003 2722 1056 2763 de
1074 2722 1255 2776 speciali
1277 2721 1419 2777 gratia
1442 2724 1486 2763 et
1505 2721 1674 2762 favore.

110 2795 247 2850 quod,
288 2793 323 2835 si
361 2792 650 2835 confeudales
680 2793 749 2835 vel
783 2793 961 2848 pariarii
986 2793 1123 2835 vestri
1152 2793 1401 2835 alienarent
1431 2792 1611 2846 illaque
1637 2792 1676 2832 in

110 2868 231 2908 turre
264 2867 309 2906 et
340 2867 486 2906 castro
522 2864 732 2920 predictis
777 2864 959 2907 liabent.
992 2864 1061 2905 vel
1104 2864 1183 2905 visi
1227 2867 1331 2905 sunt
1373 2864 1553 2905 babere.
1601 2876 1679 2902 vos

111 2935 311 2992 possitis.
337 2935 374 2977 si
393 2935 643 2987 volueritis,
676 2948 752 2990 pre
774 2935 904 2976 nobis
926 2937 968 2976 et
992 2949 1067 2990 pre
1083 2934 1188 2977 aliis
1213 2935 1419 2981 retinere,
1452 2936 1494 2975 et
1517 2933 1681 2974 habere

239 3018 328 3050 Cart.
350 3017 392 3048 de
412 3017 507 3058 May.
531 3035 569 3040 —
591 3018 627 3047 T.
652 3017 678 3047 11
891 3016 895 3017 ⁷
1519 3015 1557 3045 44
