2070 3486
1008 326 1057 329 —
1093 300 1180 341 «570
1216 324 1267 329 —

363 400 580 438 Yvrnnznn
604 412 610 437 ;
651 396 882 436 ‹ma-ishun»
928 395 1115 449 niirujus
1162 394 1389 435 remmissi
1436 395 1555 435 ‹fensi
1596 409 1682 436 non
1725 396 1915 450 prestiti.

358 483 433 508 svn
457 467 744 508 sutirum-ionis
764 466 874 507 fan-iv
895 465 1076 519 predicti
1097 465 1469 511 [0110111011ti,si=1‹1e
1489 455 1674 507 rencilio
1697 469 1741 507 et
1762 466 1921 508 volun-

361 542 446 579 [aio
465 538 603 592 ipsius
619 537 786 578 ‹loniini
811 537 1004 591 episcopi
1027 540 1071 578 et
1091 539 1429 577 antecessorum
1452 550 1636 578 suorum
1658 537 1703 578 in
1724 537 1920 580 Ecclesia

358 609 627 664 supradicta,
657 608 723 649 vei
754 608 902 662 aliqua
931 607 1019 649 alia
1048 607 1217 649 ratione
1247 607 1317 648 vel
1339 620 1489 654 causa,
1515 620 1601 662 que
1629 607 1713 650 dici
1743 608 1813 650 vel
1841 621 1920 650 ex-

356 679 537 732 rogiluri
568 679 707 733 possit
735 692 876 733 usque
907 678 948 719 in
978 678 1212 719 odiernum
1237 677 1354 719 diem
1379 693 1387 724 ;

412 752 455 791 ΕΙ
490 751 671 791 eosdem
707 750 914 797 arbitros,
940 749 1256 797 arbitratores,
1282 748 1543 790 amicabiles
1571 749 1912 804 compositores,

350 836 425 863 seu
449 834 711 862 communes
738 820 907 861 amicos
935 820 1213 861 concorditer
1248 819 1495 873 elegerunt,
1529 819 1823 874 promitentes
1850 820 1917 861 in-

349 893 489 933 vicem
513 892 627 933 dicte
649 894 813 946 partes,
838 891 922 932 sub
946 904 1061 946 penu
1086 891 1114 931 L
1139 891 1354 932 librarum
1378 890 1762 946 melgoriensium,
1786 891 1917 934 vicis-

349 963 431 1003 sim
461 963 674 1017 stipulata
709 961 1020 1017 sollempniter
1051 965 1093 1003 et
1127 961 1366 1016 promissa„
1402 963 1551 1003 danda
1580 964 1624 1003 et
1650 962 1916 1005 solvendaa

349 1036 471 1088 parte
508 1047 594 1074 non
625 1033 861 1074 obediente
898 1033 1009 1087 parti
1043 1032 1286 1079 obedienti,
1325 1033 1445 1087 quod
1479 1032 1692 1088 quicquid
1728 1032 1914 1088 predicti

348 1104 526 1146 arbitri.
557 1104 875 1151 arbitrator-es,
901 1103 1162 1145 mnivabilos
1189 1104 1516 1159 compositores
1546 1118 1624 1145 scu
1649 1117 1913 1147 communes

345 1176 491 1223 amici,
525 1176 593 1217 vel
623 1177 711 1216 dno
741 1190 795 1216 ex
830 1175 964 1230 ipsis,
1002 1189 1080 1230 per
1110 1189 1156 1216 se
1187 1175 1257 1216 vel
1285 1189 1364 1230 per
1384 1175 1522 1217 alium
1547 1175 1617 1217 vel
1645 1175 1779 1224 alios,
1810 1189 1914 1217 con-

344 1247 535 1288 corditer
562 1247 733 1288 dicent.
773 1249 987 1294 statuent,
1016 1246 1267 1288 recitabunt
1294 1260 1374 1288 seu
1402 1246 1780 1301 pronunciabunt.
1806 1246 1908 1295 dici,

344 1317 495 1362 statui.
517 1318 728 1365 ordinari,
750 1317 924 1359 recitari
943 1331 1021 1359 seu
1041 1317 1330 1373 pronunciari
1350 1317 1512 1359 facient
1528 1330 1664 1373 super
1680 1317 1907 1373 predictiS,

341 1389 454 1443 jure.
480 1402 647 1433 amore.
676 1389 855 1443 proprio
877 1389 1062 1431 arbitrio
1089 1391 1168 1430 aut
1196 1389 1378 1444 propria
1404 1388 1658 1437 voluntate,
1682 1388 1753 1430 vel
1775 1388 1911 1431 simul

345 1460 412 1501 vel
441 1460 700 1515 separatim,
726 1460 769 1501 in
800 1474 888 1501 uno
913 1463 1113 1515 tempore
1137 1460 1207 1502 vel
1230 1460 1426 1508 diverso,
1459 1460 1503 1501 in
1523 1459 1700 1515 scriptis
1724 1459 1793 1502 vel
1815 1459 1910 1502 sine

344 1531 547 1586 scriptis,
579 1531 738 1573 diebus
766 1531 935 1573 feriatis
965 1531 1033 1573 vel
1062 1545 1152 1573 non
1180 1531 1374 1580 feriatis,
1411 1534 1589 1574 servato
1615 1531 1727 1587 juris
1753 1530 1910 1573 ordine

344 1602 411 1642 vri
439 1602 616 1657 penitus·
646 1603 961 1657 pretermisso,
1000 1603 1274 1650 custodient,
1307 1603 1526 1645 tenebunt
1553 1602 1905 1658 imperpetuum,

340 1677 384 1714 et
406 1673 723 1715 inviolabiliter
744 1674 1068 1721 observabunt,
1100 1676 1144 1716 et
1171 1677 1326 1716 contra
1357 1687 1590 1729 nunquam
1619 1674 1804 1716 venient
1830 1673 1909 1715 ali-

340 1758 429 1799 quo
460 1744 579 1800 jure,
618 1745 810 1793 ratione,
850 1747 985 1787 inodo
1016 1745 1087 1787 vel
1116 1759 1278 1794 causa,
1320 1759 1407 1801 que
1441 1745 1528 1799 dici
1560 1745 1632 1787 vel
1663 1744 1909 1800 excogitari

340 1816 495 1870 possit,
519 1830 597 1871 per
618 1830 663 1857 se
686 1816 755 1858 vel
779 1816 906 1860 alios.
932 1819 1026 1859 arte
1050 1830 1146 1863 sua,
1167 1816 1370 1864 consilio,
1403 1816 1583 1872 ingenio
1605 1816 1677 1859 vel
1697 1829 1901 1859 assensu.

339 1888 430 1937 Que
453 1901 569 1942 pena
591 1887 760 1929 tociens
788 1888 1091 1935 commitatur,
1124 1888 1339 1943 quociens
1370 1891 1559 1931 ventum
1586 1887 1722 1930 fuerit
1753 1890 1909 1930 contra

340 1958 532 2006 dictum,
573 1962 819 2008 statutum,
852 1960 1110 2008 recitatum,
1142 1960 1417 2006 ordinatum,
1450 1973 1530 2002 seu
1557 1959 1906 2015 pronunciatum

342 2043 418 2084 per
446 2030 668 2085 predictos
702 2031 893 2073 arbitros
923 2031 992 2073 vel
1023 2045 1101 2086 per
1127 2031 1342 2087 aliquem,
1373 2034 1452 2074 aut
1472 2031 1649 2087 aliquos
1670 2031 1767 2073 vice
1786 2030 1908 2086 ipso-

341 2114 463 2149 rum,
496 2102 601 2143 ratis
631 2105 674 2143 et
701 2101 845 2143 firmis
874 2102 1192 2144 nichilominus
1227 2103 1456 2145 duraturis
1491 2102 1579 2145 hiis
1613 2101 1826 2144 omnibus
1863 2105 1908 2144 et

338 2172 526 2226 singulis
554 2167 656 2227 que,
693 2187 773 2228 per
800 2174 922 2228 ipsos
949 2173 1142 2216 arbitros
1171 2188 1250 2216 seu
1278 2188 1358 2229 per
1383 2174 1522 2216 alium
1550 2187 1630 2216 seu
1663 2173 1776 2216 alios
1809 2173 1905 2216 vice

339 2243 556 2298 ipsorum.
577 2244 694 2286 dicta
716 2244 896 2293 fuerint,
917 2248 1100 2297 statuta,
1123 2246 1343 2293 ordinata,
1369 2259 1448 2288 seu
1469 2245 1780 2301 pronunciata,
1803 2244 1906 2287 licet

340 2315 476 2356 semel
503 2315 573 2356 vel
597 2315 763 2370 pluries
785 2316 903 2357 dicta
926 2330 1041 2371 pena
1062 2320 1220 2359 exacta
1240 2316 1374 2359 fuerit
1392 2320 1436 2359 et
1453 2317 1601 2359 soluta
1621 2330 1648 2358 a
1668 2318 1795 2372 parte
1814 2329 1904 2358 non

338 2385 573 2427 obediente
598 2387 710 2441 parti
732 2387 975 2429 obedienti.

395 2457 444 2498 Et
461 2457 541 2499 hec
561 2457 713 2499 omnia
731 2460 961 2500 attendere
979 2461 1021 2501 et
1042 2473 1237 2507 servare,
1256 2460 1381 2501 sicud
1401 2459 1609 2515 superius
1627 2458 1796 2501 dictum
1816 2460 1899 2507 est,

336 2541 414 2582 per
437 2528 547 2569 fides
566 2529 756 2583 plevitas
778 2532 821 2571 et
842 2530 1081 2585 requisitas
1102 2532 1159 2573 ad
1178 2531 1372 2573 invicem
1391 2530 1713 2586 promiserunt,
1738 2543 1903 2572 renun-

336 2598 502 2639 ciantes
524 2599 638 2641 dicte
667 2603 816 2654 partes
844 2601 1083 2644 cerciorate
1112 2615 1325 2657 expresse
1355 2601 1574 2644 beneficio
1602 2599 1901 2644 restitutionis

335 2669 379 2710 in
408 2670 629 2724 integrum
658 2674 701 2713 et
728 2672 978 2714 auctentico
1006 2673 1312 2719 Decrevimus,
1348 2674 1469 2728 quod
1503 2673 1678 2715 inhibet
1698 2685 1753 2714 ne
1781 2684 1902 2714 com-

334 2740 605 2794 promissum
630 2741 708 2784 fiat
728 2756 828 2784 cum
850 2743 1063 2797 religione
1084 2744 1342 2799 juramenti,
1369 2747 1413 2786 et
1433 2744 1517 2800 legi
1541 2757 1628 2799 que
1651 2743 1826 2785 inhibet
1844 2756 1899 2785 ne

331 2812 706 2866 compromissum
735 2813 816 2855 fiat
842 2814 886 2855 in
913 2814 1105 2869 judicem
1146 2815 1242 2870 ejus
1272 2815 1330 2856 rei
1360 2816 1415 2857 de
1442 2828 1532 2870 qna
1556 2815 1695 2870 judex
1727 2816 1820 2863 est,
1856 2816 1900 2855 et

329 2883 451 2923 omni
472 2883 572 2937 juri.
587 2918 593 2924 .
607 2918 633 2927 .,
658 2887 701 2926 et
722 2885 957 2940 privilegio
979 2900 1069 2941 quo
1092 2887 1161 2928 vel
1182 2887 1347 2942 quibus
1366 2890 1520 2929 contra
1538 2885 1691 2928 venire
1713 2887 1902 2941 possent

330 2954 396 2996 vei
428 2954 468 2994 in
493 2955 651 3010 aliquo
679 2969 725 2997 se
754 2956 916 2997 thueri.
