2070 3486
1033 321 1081 326 —
1121 277 1292 337 soo—⁴

381 398 424 437 ‹ft
458 392 847 438 Montislerrnmli,
893 390 1073 445 penitus
1108 390 1390 433 absolvimus
1427 393 1470 432 ct
1502 390 1780 447 quittamus,
1818 392 1863 431 et
1887 390 1945 432 ab

380 465 503 506 omni
532 464 727 510 accione,
761 461 1009 517 peticione,
1049 464 1094 504 et
1120 461 1243 503 omni
1272 461 1458 503 omnino
1485 461 1788 515 obligacione,
1827 460 1940 516 jure,

381 540 423 579 ct
448 536 632 583 ratione,
659 534 824 590 quibus
845 546 1047 588 unquam
1072 547 1168 581 vos,
1191 535 1271 574 aut
1297 533 1442 575 dietus
1465 533 1757 588 predecessor
1776 534 1941 580 vester,

381 622 459 649 seu
486 606 625 662 aliqui
653 619 733 661 pro
762 619 814 647 eo
842 604 914 646 vel
942 618 1023 659 pro
1058 604 1212 652 vohis,
1259 603 1429 646 ratione
1463 604 1533 646 vel
1573 603 1806 646 occasione
1841 616 1945 658 pre-

379 678 485 721 dicti
513 677 667 725 debiti,
694 676 737 718 in
766 675 963 718 solidum
991 676 1062 717 vel
1091 675 1136 717 in
1165 678 1307 731 parte,
1334 675 1482 717 fuistis
1508 675 1579 716 vel
1609 674 1793 716 fuerunt
1814 673 1944 716 nobis

378 750 449 792 vel
476 749 607 791 alicui
635 750 690 790 de
719 748 932 790 societate
952 750 1106 790 nostra
1125 747 1412 802 aliquatenus
1431 746 1637 801 obligati;
1664 749 1707 788 et
1733 747 1944 789 cedentes

378 821 507 862 vobis
547 833 680 861 omne
712 820 784 875 jus
824 819 945 874 quod
988 818 1119 860 nobis
1155 818 1226 859 vel
1259 818 1392 861 alicui
1421 819 1476 860 de
1504 817 1635 860 sociis
1664 817 1854 865 nostris,
1899 817 1944 859 in

376 893 492 934 dieto
520 891 671 933 debito
701 891 768 932 vel
800 890 942 945 ipsius
969 890 1203 932 occasione
1226 889 1381 937 debiti,
1407 888 1646 945 compeciit
1667 891 1822 932 contra
1843 903 1940 936 vos,

378 964 492 1005 bona
530 965 573 1004 ct
604 962 705 1018 jura
744 957 918 1008 vestran
968 961 1157 1003 iacimus
1200 961 1358 1009 vobis,
1400 963 1444 1003 et
1483 960 1716 1003 vobiscum
1756 959 1945 1002 firmiter

377 1035 576 1076 inliimus
605 1033 856 1088 sollempne
890 1035 1088 1088 paetum,
1125 1031 1293 1074 lactum
1322 1032 1632 1088 sollempniter
1658 1034 1702 1074 et
1727 1031 1939 1079 inhitum,

376 1107 430 1148 dc
458 1120 547 1148 non
579 1106 755 1160 agendo
786 1104 855 1146 vel
883 1105 938 1146 de
959 1103 1020 1160 (1)
1050 1117 1140 1145 non
1166 1104 1363 1159 petendo
1392 1103 1563 1159 aliquid
1590 1102 1778 1159 predicti
1804 1102 1945 1146 debiti

377 1177 575 1225 ratione;
605 1178 835 1219 cassantes
864 1178 908 1218 et
928 1175 1215 1223 annulantes,
1241 1177 1285 1218 et
1313 1189 1441 1217 cassa
1471 1177 1516 1217 et
1548 1174 1674 1217 nulla
1699 1187 1751 1217 ae
1776 1173 1945 1217 nullius

374 1248 541 1291 valoris
569 1261 667 1290 esse
696 1247 900 1289 volentes
922 1247 1239 1296 instrumenta,
1263 1246 1435 1289 litteras
1457 1245 1745 1302 apostolicas,
1771 1248 1815 1289 et
1831 1245 1944 1289 alias

375 1321 700 1376 cujuscumque
738 1319 881 1361 forme
909 1318 1134 1367 existant,
1175 1322 1220 1360 et
1254 1332 1413 1361 omnes
1451 1318 1563 1360 alias
1599 1317 1851 1367 cauciones,
1900 1320 1946 1360 et

375 1392 554 1447 scripta,
587 1391 704 1433 faeta
737 1404 874 1446 super
904 1390 990 1431 hiis
1022 1390 1089 1432 vel
1120 1392 1322 1446 optenta,
1353 1392 1576 1445 quantum
1598 1390 1654 1432 ad
1678 1391 1823 1431 totum
1844 1402 1943 1444 pre-

374 1464 543 1505 ‹lictum
571 1462 797 1507 debitum,
828 1464 874 1503 et
899 1476 987 1517 que
1014 1475 1041 1503 a
1062 1461 1206 1509 vobis,
1239 1461 1382 1517 ipsius
1409 1461 1644 1503 occasione
1670 1460 1825 1509 debiti,
1851 1460 1943 1516 peti

376 1537 589 1590 possent3
638 1536 774 1589 atquo
814 1533 860 1575 in
899 1532 1098 1575 evidenti
1138 1533 1302 1575 indicio
1349 1531 1563 1588 plenioris
1608 1531 1938 1581 absolucionis,

375 1605 591 1649 cessionis
613 1608 656 1647 ct
677 1604 983 1661 quittacionis,
1002 1603 1357 1646 instrumentum
1373 1604 1625 1659 predictum
1642 1603 1785 1646 tocius
1803 1603 1943 1646 debiti

376 1670 504 1719 vobis
537 1678 776 1719 reddentes
804 1675 1092 1724 manualiter,
1125 1675 1432 1731 promittimus
1460 1674 1605 1723 vobis,
1631 1687 1734 1717 eum
1753 1674 1944 1730 stipula-

374 1749 501 1791 cione
524 1741 778 1803 sollempni,
804 1748 926 1802 quod
947 1749 1103 1789 eontra
1130 1747 1330 1802 predicta
1356 1747 1428 1788 vel
1450 1746 1622 1802 aliquid
1649 1747 1703 1789 de
1730 1746 1943 1801 predictis

373 1834 464 1862 non
486 1819 723 1862 veniemus
751 1832 831 1874 per
857 1833 940 1861 nos
969 1818 1040 1861 vel
1067 1818 1224 1866 alium,
1256 1831 1338 1861 nec
1364 1817 1580 1866 facimus,
1610 1831 1693 1860 nec
1725 1817 1943 1860 faciemus

373 1891 567 1947 aliquid,
609 1893 793 1946 propter
831 1891 953 1946 quod
992 1890 1165 1946 aliquid
1205 1891 1260 1932 de
1295 1889 1529 1945 premissis
1564 1889 1715 1931 minus
1742 1889 1944 1932 obtineat

372 1963 660 2010 firmitatem;
703 1962 1015 2005 renuntiantes
1052 1962 1177 2003 omni
1215 1961 1387 2017 juri,...
1432 1961 1598 2017 quibus
1640 1960 1943 2004 contraveniri

376 2037 544 2090 posset,
568 2034 639 2076 vel
661 2035 715 2076 de
739 2034 950 2089 predictis
971 2033 1143 2089 aliquid
1171 2033 1350 2075 irritari.

434 2107 588 2148 Testes
628 2108 733 2148 sunt
769 2105 959 2148 Michael
1005 2106 1060 2147 de
1103 2104 1296 2147 Moresio
1335 2104 1706 2153 archidiaconus,
1751 2104 1942 2147 Poncius

375 2179 429 2220 de
454 2177 703 2230 Casalibus,
735 2177 1003 2219 Guillelmus
1031 2178 1086 2218 de
1113 2176 1344 2232 Claperiis,
1377 2176 1570 2219 Poncius
1595 2176 1793 2219 Thomas
1811 2189 1942 2218 eano-

375 2249 459 2291 nici
488 2249 850 2305 Magalonenses,
882 2248 1098 2304 magister
1125 2249 1171 2289 P.
1204 2248 1367 2295 Ricols,
1399 2247 1668 2290 Guillelmus
1695 2247 1868 2295 Clauni,
1899 2250 1944 2289 et

372 2322 599 2363 Johannes
637 2321 868 2369 Brnnene,
909 2319 1014 2363 dicti
1049 2319 1221 2362 domini
1256 2319 1457 2375 episcopi
1484 2319 1528 2360 in
1573 2333 1656 2362 sua
1694 2318 1862 2361 diocesi
1899 2321 1944 2361 et

372 2392 589 2435 comitatu
618 2392 819 2447 Melgorii
852 2395 897 2433 et
931 2391 1297 2433 Montisferrandi
1335 2391 1540 2433 notarius
1576 2390 1808 2447 publicus,
1845 2389 1938 2446 qui,

373 2465 615 2506 mandatus
638 2477 664 2505 a
685 2463 802 2505 dicto
824 2462 1008 2505 domino
1031 2462 1243 2518 episcopo
1265 2465 1309 2505 et
1333 2462 1673 2510 mercatoribus,
1700 2463 1782 2504 hec
1807 2461 1943 2517 scrip-

376 2535 453 2583 sit,
493 2538 537 2577 et
573 2535 699 2590 signo
734 2549 815 2577 suo
851 2534 1073 2589 signavit,
1105 2537 1150 2577 et
1188 2534 1297 2576 rasit
1332 2534 1377 2576 in
1415 2534 1562 2590 prima
1599 2533 1719 2576 linea
1758 2533 1835 2576 ubi
1874 2536 1943 2576 est

377 2606 595 2661 scriptum
625 2607 774 2649 tercio.

1392 2677 1490 2716 (Reg.
1513 2677 1548 2714 E,
1573 2677 1632 2707 fol.
1651 2676 1691 2707 92
1713 2678 1774 2715 ψ’).

423 2791 472 2837 (1)
502 2791 629 2827 Cart:
652 2795 699 2827 el.
