2070 3486
1008 308 1059 313 ——
1094 280 1180 324 81¹2
1214 307 1267 313 —-

353 378 699 434 vniphitlwosim
730 378 853 419 dedit
883 378 1048 432 pariter
1075 380 1117 419 et
1151 377 1370 419 concessit
1390 378 1469 432 (1).
1509 377 1583 420 tali
1618 378 1758 420 eciam
1788 383 1918 435 pacto

353 455 395 492 et
423 452 516 505 lege
548 449 790 504 appositis,
818 450 936 504 quod
963 450 1304 504 predecessores
1327 449 1388 491 tui
1414 446 1597 504 possent
1618 452 1723 492 dare
1746 454 1790 493 et
1815 465 1918 493 cou-

351 523 504 563 redere
540 522 593 562 ‹le
630 520 877 562 honoribus
909 520 1013 562 dicti
1038 520 1183 562 mansi
1205 521 1261 562 ad
1289 520 1534 575 acapitum,
1560 521 1656 563 sive
1679 522 1720 563 in
1743 523 1918 578 emphi-

352 592 574 642 theosim,
617 592 783 646 quihus
821 590 989 632 vellent
1035 591 1269 646 personis,
1314 591 1482 646 pariter
1521 594 1672 634 tamen
1710 593 1916 648 personis

346 663 586 718 exemptis,
606 676 707 703 cuni
727 662 914 703 consilio
934 661 1075 703 eciam
1094 665 1139 704 et
1158 662 1373 703 laudimio
1391 663 1562 704 ‹lomini
1583 664 1914 717 Magalonensis

345 734 565 789 episcop&
597 732 688 791 [ita]
713 734 848 788 quod,
875 733 919 774 in
947 733 1149 788 qualibet
1175 733 1452 788 quarterium
1481 736 1594 775 terre
1629 735 1833 776 omnium
1871 739 1915 778 et

345 806 625 859 ¹singulorum
653 805 875 846 honorum
906 804 1093 859 predicti
1117 805 1279 853 mansi,
1308 805 1370 846 tui
1395 805 1736 860 predecessores
1754 807 1914 849 darent

347 876 388 917 in
417 876 643 931 acapituin
673 889 750 917 seu
789 876 832 916 in
864 875 1202 930 emphiteosim.
1222 876 1411 917 haberet
1446 878 1490 918 et
1527 876 1692 918 habere
1729 877 1914 919 deberet

343 947 488 989 dirius
526 947 737 988 dominus
779 947 1113 1000 Magaionensis
1161 960 1301 988 unum
1342 946 1577 988 denarium
1614 947 1911 1001 melgoriense

343 1032 422 1073 pro
459 1018 652 1065 usatico,
689 1021 732 1059 ct
768 1017 1034 1061 consilium.
1074 1018 1367 1063 laudimium,
1403 1021 1447 1059 et
1479 1018 1743 1066 consilium,
1774 1022 1911 1074 atquc

341 1090 614 1136 dominium,
660 1092 795 1144 prout
833 1089 913 1130 hec
947 1089 1101 1131 omnia
1140 1089 1183 1130 in
1224 1089 1525 1131 instrumento
1554 1090 1657 1131 iude
1687 1089 1802 1132 iacto
1831 1104 1912 1146 per

337 1161 590 1202 ,iohannem
618 1160 864 1209 Laureucii,
894 1160 1119 1202 notarium
1142 1161 1560 1216 Montispessulani,
1590 1161 1758 1204 bullato
1788 1162 1911 1204 bulla

337 1232 552 1287 plumbea
573 1231 759 1287 predicti
782 1233 1013 1287 quondam
1053 1232 1225 1274 domini
1260 1230 1537 1290 G[uillelmi],
1578 1232 1908 1287 Magalonensis

336 1303 551 1358 episcopi,
574 1303 753 1358 plenius
778 1303 1105 1357 dignoscuntur
1126 1303 1361 1345 contineri.

394 1375 535 1425 Quem
564 1388 776 1416 mansum
805 1387 908 1416 cum
930 1374 1144 1417 omnibus
1171 1374 1265 1417 suis
1283 1375 1533 1417 honoribus
1553 1377 1597 1417 et
1617 1375 1906 1430 pertinenciis

338 1446 432 1491 tihi,
465 1446 582 1488 dicto
603 1447 793 1493 Jacobo,
826 1449 870 1488 ct
900 1445 1009 1495 tuis,
1042 1447 1127 1488 sub
1154 1447 1313 1488 eodem
1355 1447 1490 1488 modo
1524 1451 1569 1489 et
1595 1446 1742 1489 forma
1775 1460 1906 1502 supe-

334 1518 427 1560 rius
455 1518 809 1573 comprehensis,
834 1517 862 1559 ti
873 1517 913 1559 bi
935 1517 1071 1559 laudo
1094 1518 1262 1573 pariter
1282 1520 1326 1560 et
1351 1519 1564 1566 concede,
1591 1518 1730 1560 salvis
1753 1521 1905 1561 tamen

333 1592 376 1630 et
406 1589 589 1631 retentis
620 1589 748 1630 nobis
782 1592 826 1631 et
853 1589 1189 1631 successoribus
1224 1589 1390 1631 nostris
1425 1589 1644 1637 hominio,
1683 1589 1900 1638 dominio,

331 1661 541 1706 consilio,
572 1664 617 1702 et
644 1660 887 1708 laudimio,
929 1663 973 1703 et
1001 1661 1172 1703 usatico
1206 1661 1407 1716 quinque
1444 1660 1694 1703 solidorum
1734 1661 1904 1716 melgo-

331 1732 545 1774 riensiuni
574 1732 897 1774 solvendorum
925 1732 971 1773 in
998 1732 1116 1774 dicto
1143 1731 1259 1774 festo
1288 1732 1430 1774 sancti
1459 1732 1575 1774 Petri
1603 1733 1658 1774 de
1685 1734 1897 1787 augusto,

326 1803 458 1845 annis
498 1803 712 1858 singulis,
756 1803 801 1844 in
847 1804 1060 1846 omnibus
1105 1806 1149 1845 et
1193 1803 1383 1858 singulis
1423 1803 1672 1845 honoribus
1712 1803 1901 1859 predicti

328 1875 489 1922 mansi,
511 1889 626 1930 quos
652 1875 709 1916 ad
737 1888 924 1917 manum
949 1877 1072 1916 tuam
1096 1877 1237 1924 tenes,
1268 1877 1313 1916 et
1336 1874 1399 1916 tui
1423 1874 1566 1917 eciam
1591 1875 1830 1923 tenebunt;
1856 1878 1901 1917 et

327 1946 464 1987 salvis
492 1946 633 1988 eciam
661 1946 792 1987 nobis
817 1949 861 1988 et
887 1946 1223 1988 successoribus
1261 1946 1426 1988 nostris
1464 1945 1653 2000 singulis
1680 1945 1893 1994 denariis,

326 2031 439 2072 quos
479 2018 700 2059 habemus
744 2018 788 2059 in
829 2017 1019 2072 siugulis
1056 2017 1344 2073 quarteriatis
1387 2020 1638 2069 terrarum,
1677 2031 1757 2073 per
1785 2019 1827 2059 te
1855 2019 1900 2060 et

324 2091 631 2132 antecessores
654 2092 755 2131 tuos
777 2090 906 2132 datas
929 2092 972 2131 et
995 2089 1182 2132 traditas
1209 2089 1255 2130 in
1277 2089 1507 2145 acapitum
1534 2089 1740 2144 personis
1761 2088 1898 2131 infra-

302 2177 304 2179 ·
328 2160 520 2215 scriptis.

381 2231 593 2273 Cedimus
627 2232 761 2287 igitur
793 2232 888 2281 tibi,
925 2232 1044 2275 dicto
1079 2233 1272 2281 Jacobo,
1304 2235 1350 2275 et
1377 2232 1667 2275 concedimus
1700 2235 1745 2275 et
1774 2232 1894 2275 inte

320 2306 455 2358 atque
484 2306 584 2345 tuos
615 2304 794 2359 penitus
827 2304 1164 2353 transferimus,
1204 2304 1342 2347 salvis
1370 2304 1583 2347 omnibus
1618 2304 1891 2360 supradictis

319 2375 449 2416 nobis
471 2378 515 2416 et
536 2376 871 2418 successoribus
895 2376 1074 2425 nostris,
1101 2376 1255 2418 onmia
1275 2376 1462 2418 omnino
1482 2375 1583 2432 jura
1604 2379 1649 2417 et
1669 2375 1886 2423 actiones,

318 2460 405 2501 que
434 2450 477 2488 ct
509 2461 621 2501 quas
662 2447 705 2488 in
746 2446 959 2489 Omnibus
996 2450 1040 2490 et
1080 2447 1269 2501 singulis
1309 2447 1558 2489 honoribus
1597 2446 1702 2489 dicti
1741 2446 1890 2489 mansi

318 2518 615 2565 habebamus,
642 2519 807 2561 habere
836 2521 1114 2574 poteramus,
1140 2519 1323 2560 nomine
1345 2521 1388 2560 et
1410 2518 1644 2561 occasione
1664 2518 1888 2560 dictorum

322 2589 595 2631 usaticorum
626 2590 785 2644 viginti
813 2591 1117 2633 sextariorum
1144 2590 1268 2632 ordei
1298 2593 1491 2632 tantum.

375 2662 436 2702 De
465 2661 630 2716 quibus
659 2661 835 2717 juribus
865 2665 909 2704 et
938 2662 1197 2704 accionibus
1219 2676 1301 2704 nos
1329 2665 1373 2704 et
1400 2674 1683 2704 successores
1707 2663 1885 2703 nostros

316 2731 496 2786 penitus
524 2734 756 2781 exuendo,
796 2735 836 2775 te
865 2735 909 2775 et
938 2736 1038 2775 tuos
1077 2747 1264 2789 prorsus
1297 2733 1595 2781 investimus,
1636 2735 1680 2775 et
1725 2745 1884 2774 verum

313 2803 550 2845 dominum
567 2804 831 2859 justumque
850 2807 1205 2860 procuratorem,
1233 2807 1282 2846 ut
1303 2804 1347 2846 in
1369 2817 1465 2846 rem
1487 2807 1610 2846 tuam
1632 2803 1882 2859 propriam,

363 2963 410 3013 (1)
440 2963 537 2999 Voir
556 2965 618 2999 cet
640 2965 729 3000 acte
751 2963 854 3000 dans
882 2965 1112 3001 cartulaire
1130 2964 1178 3000 cle
1201 2964 1452 3010 Maquelone,
1471 2964 1515 3000 T.
1540 2964 1569 3008 I,
1591 2973 1630 3010 p.
1651 2962 1734 2998 422.
