<?xml version="1.0" encoding="UTF-8"?>
<!DOCTYPE html PUBLIC "-//W3C//DTD XHTML 1.0 Transitional//EN"
    "http://www.w3.org/TR/xhtml1/DTD/xhtml1-transitional.dtd">
<html xmlns="http://www.w3.org/1999/xhtml" xml:lang="en" lang="en">
 <head>
  <title>
</title>
<meta http-equiv="Content-Type" content="text/html;charset=utf-8" />
  <meta name='ocr-system' content='tesseract 3.04.00' />
  <meta name='ocr-capabilities' content='ocr_page ocr_carea ocr_par ocr_line ocrx_word'/>
</head>
<body>
  <div class='ocr_page' id='page_1' title='image "./cartulairedemagu02cathuoft_0135.png"; bbox 0 0 2070 3486; ppageno 0'>
   <div class='ocr_carea' id='block_1_1' title="bbox 763 311 1019 354">
    <p class='ocr_par' dir='ltr' id='par_1_1' title="bbox 763 311 1019 354">
     <span class='ocr_line' id='line_1_1' title="bbox 763 311 1019 354; baseline -0.023 -1"><span class='ocrx_word' id='word_1_1' title='bbox 763 338 815 342; x_wconf 83' lang='grc'>--</span> <span class='ocrx_word' id='word_1_2' title='bbox 855 311 935 354; x_wconf 63' lang='lat'>125»</span> <span class='ocrx_word' id='word_1_3' title='bbox 971 338 1019 342; x_wconf 82' lang='grc'>..</span> 
     </span>
    </p>
   </div>
   <div class='ocr_carea' id='block_1_2' title="bbox 95 403 1678 2883">
    <p class='ocr_par' dir='ltr' id='par_1_2' title="bbox 95 403 1668 1302">
     <span class='ocr_line' id='line_1_2' title="bbox 158 403 1658 461; baseline -0.003 -11"><span class='ocrx_word' id='word_1_4' title='bbox 158 410 364 450; x_wconf 81' lang='lat' dir='ltr'>l&#39;reterea</span> <span class='ocrx_word' id='word_1_5' title='bbox 401 408 564 449; x_wconf 86' lang='lat' dir='ltr'>damus</span> <span class='ocrx_word' id='word_1_6' title='bbox 603 410 645 448; x_wconf 77' lang='lat' dir='ltr'>et</span> <span class='ocrx_word' id='word_1_7' title='bbox 684 408 997 448; x_wconf 70' lang='lat' dir='ltr'>concedimus.</span> <span class='ocrx_word' id='word_1_8' title='bbox 1045 407 1140 461; x_wconf 74' lang='lat' dir='ltr'>jur(-</span> <span class='ocrx_word' id='word_1_9' title='bbox 1178 404 1536 461; x_wconf 73' lang='lat' dir='ltr'>permutationis,</span> <span class='ocrx_word' id='word_1_10' title='bbox 1583 403 1658 446; x_wconf 74' lang='lat' dir='ltr'>libi</span> 
     </span>
     <span class='ocr_line' id='line_1_3' title="bbox 95 477 1660 531; baseline -0.001 -10"><span class='ocrx_word' id='word_1_11' title='bbox 95 479 213 521; x_wconf 86' lang='lat' dir='ltr'>dicto</span> <span class='ocrx_word' id='word_1_12' title='bbox 227 478 437 523; x_wconf 81' lang='lat' dir='ltr'>Jollanni,</span> <span class='ocrx_word' id='word_1_13' title='bbox 456 482 499 520; x_wconf 80' lang='lat' dir='ltr'>et</span> <span class='ocrx_word' id='word_1_14' title='bbox 521 478 856 519; x_wconf 79' lang='lat' dir='ltr'>successoribus</span> <span class='ocrx_word' id='word_1_15' title='bbox 878 478 980 520; x_wconf 82' lang='lat' dir='ltr'>lnis.</span> <span class='ocrx_word' id='word_1_16' title='bbox 997 481 1041 518; x_wconf 90' lang='lat' dir='ltr'>nl</span> <span class='ocrx_word' id='word_1_17' title='bbox 1059 477 1408 518; x_wconf 73' lang='lat' dir='ltr'>‹l«·l‹=1·=uinaun11</span> <span class='ocrx_word' id='word_1_18' title='bbox 1427 480 1493 517; x_wconf 79' lang='lat' dir='ltr'>est</span> <span class='ocrx_word' id='word_1_19' title='bbox 1510 491 1660 531; x_wconf 80' lang='lat' dir='ltr'>supra.</span> 
     </span>
     <span class='ocr_line' id='line_1_4' title="bbox 97 548 1666 605; baseline -0.002 -13"><span class='ocrx_word' id='word_1_20' title='bbox 97 550 251 592; x_wconf 86' lang='lat' dir='ltr'>omnia</span> <span class='ocrx_word' id='word_1_21' title='bbox 283 549 371 591; x_wconf 80' lang='lat' dir='ltr'>alia</span> <span class='ocrx_word' id='word_1_22' title='bbox 402 550 516 605; x_wconf 77' lang='lat' dir='ltr'>jura.</span> <span class='ocrx_word' id='word_1_23' title='bbox 558 549 809 603; x_wconf 83' lang='lat' dir='ltr'>corporalia</span> <span class='ocrx_word' id='word_1_24' title='bbox 845 552 887 589; x_wconf 78' lang='lat' dir='ltr'>et</span> <span class='ocrx_word' id='word_1_25' title='bbox 925 548 1236 602; x_wconf 75' lang='lat' dir='ltr'>incorporalia,</span> <span class='ocrx_word' id='word_1_26' title='bbox 1261 562 1545 602; x_wconf 72' lang='lat' dir='ltr'>quecunnlue</span> <span class='ocrx_word' id='word_1_27' title='bbox 1577 548 1666 589; x_wconf 85' lang='lat' dir='ltr'>sint</span> 
     </span>
     <span class='ocr_line' id='line_1_5' title="bbox 99 618 1661 676; baseline -0.003 -14"><span class='ocrx_word' id='word_1_28' title='bbox 99 623 142 663; x_wconf 87' lang='lat' dir='ltr'>et</span> <span class='ocrx_word' id='word_1_29' title='bbox 161 620 508 676; x_wconf 74' lang='lat' dir='ltr'>qualiacumque</span> <span class='ocrx_word' id='word_1_30' title='bbox 534 620 638 669; x_wconf 82' lang='lat' dir='ltr'>sint,</span> <span class='ocrx_word' id='word_1_31' title='bbox 665 619 707 660; x_wconf 93' lang='lat' dir='ltr'>in</span> <span class='ocrx_word' id='word_1_32' title='bbox 733 620 866 660; x_wconf 85' lang='lat' dir='ltr'>rebus</span> <span class='ocrx_word' id='word_1_33' title='bbox 894 633 973 660; x_wconf 85' lang='lat' dir='ltr'>seu</span> <span class='ocrx_word' id='word_1_34' title='bbox 999 618 1218 673; x_wconf 81' lang='lat' dir='ltr'>personis,</span> <span class='ocrx_word' id='word_1_35' title='bbox 1245 619 1359 659; x_wconf 82' lang='lat' dir='ltr'>inl&#39;ra</span> <span class='ocrx_word' id='word_1_36' title='bbox 1380 618 1661 672; x_wconf 75' lang='lat' dir='ltr'>parrochiam</span> 
     </span>
     <span class='ocr_line' id='line_1_6' title="bbox 99 689 1660 747; baseline 0 -14"><span class='ocrx_word' id='word_1_37' title='bbox 99 691 296 747; x_wconf 81' lang='lat' dir='ltr'>predicte</span> <span class='ocrx_word' id='word_1_38' title='bbox 325 691 508 733; x_wconf 79' lang='lat' dir='ltr'>ecclesie</span> <span class='ocrx_word' id='word_1_39' title='bbox 545 691 601 732; x_wconf 84' lang='lat' dir='ltr'>ad</span> <span class='ocrx_word' id='word_1_40' title='bbox 636 690 898 745; x_wconf 86' lang='lat' dir='ltr'>episcopum</span> <span class='ocrx_word' id='word_1_41' title='bbox 921 690 1285 743; x_wconf 74' lang='lat' dir='ltr'>Magalonensem</span> <span class='ocrx_word' id='word_1_42' title='bbox 1316 689 1660 744; x_wconf 83' lang='lat' dir='ltr'>pertinentibus.</span> 
     </span>
     <span class='ocr_line' id='line_1_7' title="bbox 99 760 1664 818; baseline -0.002 -16"><span class='ocrx_word' id='word_1_43' title='bbox 99 776 187 818; x_wconf 88' lang='lat' dir='ltr'>que</span> <span class='ocrx_word' id='word_1_44' title='bbox 207 762 362 804; x_wconf 86' lang='lat' dir='ltr'>omnia</span> <span class='ocrx_word' id='word_1_45' title='bbox 377 764 421 803; x_wconf 88' lang='lat' dir='ltr'>et</span> <span class='ocrx_word' id='word_1_46' title='bbox 435 761 611 816; x_wconf 85' lang='lat' dir='ltr'>singula</span> <span class='ocrx_word' id='word_1_47' title='bbox 633 761 711 802; x_wconf 82' lang='lat' dir='ltr'>tibi</span> <span class='ocrx_word' id='word_1_48' title='bbox 734 763 778 802; x_wconf 89' lang='lat' dir='ltr'>et</span> <span class='ocrx_word' id='word_1_49' title='bbox 796 760 884 802; x_wconf 89' lang='lat' dir='ltr'>tuis</span> <span class='ocrx_word' id='word_1_50' title='bbox 906 760 1240 801; x_wconf 78' lang='lat' dir='ltr'>successoribus</span> <span class='ocrx_word' id='word_1_51' title='bbox 1258 760 1443 801; x_wconf 89' lang='lat' dir='ltr'>omnino</span> <span class='ocrx_word' id='word_1_52' title='bbox 1464 760 1664 802; x_wconf 85' lang='lat' dir='ltr'>cedimus</span> 
     </span>
     <span class='ocr_line' id='line_1_8' title="bbox 98 831 1668 888; baseline -0.002 -13"><span class='ocrx_word' id='word_1_53' title='bbox 98 836 143 875; x_wconf 89' lang='lat' dir='ltr'>et</span> <span class='ocrx_word' id='word_1_54' title='bbox 170 832 368 888; x_wconf 76' lang='lat' dir='ltr'>plenarie</span> <span class='ocrx_word' id='word_1_55' title='bbox 392 832 721 874; x_wconf 66' lang='lat' dir='ltr'>transferimus</span> <span class='ocrx_word' id='word_1_56' title='bbox 749 835 792 873; x_wconf 88' lang='lat' dir='ltr'>et</span> <span class='ocrx_word' id='word_1_57' title='bbox 808 831 880 886; x_wconf 85' lang='lat' dir='ltr'>jus</span> <span class='ocrx_word' id='word_1_58' title='bbox 901 831 1106 873; x_wconf 82' lang='lat' dir='ltr'>dominii.</span> <span class='ocrx_word' id='word_1_59' title='bbox 1133 835 1175 872; x_wconf 85' lang='lat' dir='ltr'>et</span> <span class='ocrx_word' id='word_1_60' title='bbox 1199 831 1499 885; x_wconf 70' lang='lat' dir='ltr'>possessionis</span> <span class='ocrx_word' id='word_1_61' title='bbox 1522 831 1601 872; x_wconf 83' lang='lat' dir='ltr'>tibi</span> <span class='ocrx_word' id='word_1_62' title='bbox 1624 834 1668 873; x_wconf 90' lang='lat' dir='ltr'>et</span> 
     </span>
     <span class='ocr_line' id='line_1_9' title="bbox 100 901 1667 946; baseline -0.002 0"><span class='ocrx_word' id='word_1_63' title='bbox 100 903 188 946; x_wconf 87' lang='lat' dir='ltr'>tuis</span> <span class='ocrx_word' id='word_1_64' title='bbox 209 903 567 946; x_wconf 84' lang='lat' dir='ltr'>successoribus.</span> <span class='ocrx_word' id='word_1_65' title='bbox 600 905 644 944; x_wconf 87' lang='lat' dir='ltr'>et</span> <span class='ocrx_word' id='word_1_66' title='bbox 673 902 856 944; x_wconf 77' lang='lat' dir='ltr'>ecclesie</span> <span class='ocrx_word' id='word_1_67' title='bbox 881 902 1030 943; x_wconf 13' lang='lat' dir='ltr'>sanctii</span> <span class='ocrx_word' id='word_1_68' title='bbox 1053 901 1236 943; x_wconf 82' lang='lat' dir='ltr'>Firmini</span> <span class='ocrx_word' id='word_1_69' title='bbox 1269 902 1471 943; x_wconf 76' lang='lat' dir='ltr'>cedimus</span> <span class='ocrx_word' id='word_1_70' title='bbox 1499 905 1542 943; x_wconf 82' lang='lat' dir='ltr'>et</span> <span class='ocrx_word' id='word_1_71' title='bbox 1562 916 1667 943; x_wconf 88' lang='lat' dir='ltr'>con-</span> 
     </span>
     <span class='ocr_line' id='line_1_10' title="bbox 99 973 1667 1029; baseline -0.003 -12"><span class='ocrx_word' id='word_1_72' title='bbox 99 975 315 1021; x_wconf 79' lang='lat' dir='ltr'>cedimus,</span> <span class='ocrx_word' id='word_1_73' title='bbox 352 978 397 1016; x_wconf 93' lang='lat' dir='ltr'>et</span> <span class='ocrx_word' id='word_1_74' title='bbox 424 974 757 1029; x_wconf 83' lang='lat' dir='ltr'>possessionem</span> <span class='ocrx_word' id='word_1_75' title='bbox 790 973 993 1014; x_wconf 88' lang='lat' dir='ltr'>omnium</span> <span class='ocrx_word' id='word_1_76' title='bbox 1026 973 1348 1027; x_wconf 80' lang='lat' dir='ltr'>predictorum,</span> <span class='ocrx_word' id='word_1_77' title='bbox 1381 977 1456 1014; x_wconf 88' lang='lat' dir='ltr'>tua</span> <span class='ocrx_word' id='word_1_78' title='bbox 1484 973 1667 1028; x_wconf 85' lang='lat' dir='ltr'>propria</span> 
     </span>
     <span class='ocr_line' id='line_1_11' title="bbox 97 1044 1666 1099; baseline -0.003 -11"><span class='ocrx_word' id='word_1_79' title='bbox 97 1046 381 1097; x_wconf 77' lang='lat' dir='ltr'>auctoritate,</span> <span class='ocrx_word' id='word_1_80' title='bbox 407 1048 448 1088; x_wconf 91' lang='lat' dir='ltr'>te</span> <span class='ocrx_word' id='word_1_81' title='bbox 471 1049 514 1087; x_wconf 92' lang='lat' dir='ltr'>et</span> <span class='ocrx_word' id='word_1_82' title='bbox 536 1048 636 1087; x_wconf 84' lang='lat' dir='ltr'>tuos</span> <span class='ocrx_word' id='word_1_83' title='bbox 659 1058 941 1086; x_wconf 74' lang='lat' dir='ltr'>successores</span> <span class='ocrx_word' id='word_1_84' title='bbox 970 1044 1140 1097; x_wconf 68' lang='lat' dir='ltr'>ingredi</span> <span class='ocrx_word' id='word_1_85' title='bbox 1163 1044 1391 1099; x_wconf 80' lang='lat' dir='ltr'>jubemus,</span> <span class='ocrx_word' id='word_1_86' title='bbox 1417 1048 1460 1085; x_wconf 88' lang='lat' dir='ltr'>et</span> <span class='ocrx_word' id='word_1_87' title='bbox 1480 1046 1533 1085; x_wconf 91' lang='lat' dir='ltr'>de</span> <span class='ocrx_word' id='word_1_88' title='bbox 1558 1044 1666 1099; x_wconf 84' lang='lat' dir='ltr'>ipsis</span> 
     </span>
     <span class='ocr_line' id='line_1_12' title="bbox 98 1115 1661 1170; baseline -0.002 -11"><span class='ocrx_word' id='word_1_89' title='bbox 98 1117 310 1159; x_wconf 84' lang='lat' dir='ltr'>omnibus</span> <span class='ocrx_word' id='word_1_90' title='bbox 338 1120 382 1158; x_wconf 87' lang='lat' dir='ltr'>et</span> <span class='ocrx_word' id='word_1_91' title='bbox 403 1116 607 1170; x_wconf 73' lang='lat' dir='ltr'>singulis,</span> <span class='ocrx_word' id='word_1_92' title='bbox 636 1117 816 1157; x_wconf 91' lang='lat' dir='ltr'>nomine</span> <span class='ocrx_word' id='word_1_93' title='bbox 845 1115 1029 1157; x_wconf 74' lang='lat' dir='ltr'>ecclesie</span> <span class='ocrx_word' id='word_1_94' title='bbox 1059 1115 1210 1157; x_wconf 70' lang='lat' dir='ltr'>saneti</span> <span class='ocrx_word' id='word_1_95' title='bbox 1234 1115 1418 1156; x_wconf 89' lang='lat' dir='ltr'>Firmini</span> <span class='ocrx_word' id='word_1_96' title='bbox 1446 1119 1490 1156; x_wconf 85' lang='lat' dir='ltr'>ct</span> <span class='ocrx_word' id='word_1_97' title='bbox 1512 1116 1661 1169; x_wconf 75' lang='lat' dir='ltr'>Maga-</span> 
     </span>
     <span class='ocr_line' id='line_1_13' title="bbox 100 1186 1663 1241; baseline -0.001 -11"><span class='ocrx_word' id='word_1_98' title='bbox 100 1187 300 1230; x_wconf 87' lang='lat' dir='ltr'>lonensis</span> <span class='ocrx_word' id='word_1_99' title='bbox 328 1188 552 1234; x_wconf 87' lang='lat' dir='ltr'>vestiarii,</span> <span class='ocrx_word' id='word_1_100' title='bbox 587 1191 626 1229; x_wconf 88' lang='lat' dir='ltr'>le</span> <span class='ocrx_word' id='word_1_101' title='bbox 661 1188 896 1228; x_wconf 90' lang='lat' dir='ltr'>dominum</span> <span class='ocrx_word' id='word_1_102' title='bbox 927 1190 969 1228; x_wconf 88' lang='lat' dir='ltr'>ct</span> <span class='ocrx_word' id='word_1_103' title='bbox 998 1200 1304 1241; x_wconf 71' lang='lat' dir='ltr'>possessorem</span> <span class='ocrx_word' id='word_1_104' title='bbox 1330 1186 1663 1229; x_wconf 68' lang='lat' dir='ltr'>constituimus,</span> 
     </span>
     <span class='ocr_line' id='line_1_14' title="bbox 99 1258 1147 1302; baseline -0.003 -1"><span class='ocrx_word' id='word_1_105' title='bbox 99 1263 144 1302; x_wconf 86' lang='lat' dir='ltr'>et</span> <span class='ocrx_word' id='word_1_106' title='bbox 172 1263 212 1301; x_wconf 86' lang='lat' dir='ltr'>te</span> <span class='ocrx_word' id='word_1_107' title='bbox 233 1262 276 1301; x_wconf 86' lang='lat' dir='ltr'>et</span> <span class='ocrx_word' id='word_1_108' title='bbox 302 1262 402 1301; x_wconf 86' lang='lat' dir='ltr'>tuos</span> <span class='ocrx_word' id='word_1_109' title='bbox 424 1273 706 1301; x_wconf 77' lang='lat' dir='ltr'>suc‹·ess‹n·es</span> <span class='ocrx_word' id='word_1_110' title='bbox 733 1259 832 1300; x_wconf 76' lang='lat' dir='ltr'>ind«¹</span> <span class='ocrx_word' id='word_1_111' title='bbox 863 1258 1147 1300; x_wconf 77' lang='lat' dir='ltr'>investimus.</span> 
     </span>
    </p>

    <p class='ocr_par' dir='ltr' id='par_1_3' title="bbox 101 1329 1675 2228">
     <span class='ocr_line' id='line_1_15' title="bbox 161 1329 1667 1386; baseline -0.003 -13"><span class='ocrx_word' id='word_1_112' title='bbox 161 1331 213 1373; x_wconf 82' lang='lat' dir='ltr'>Et</span> <span class='ocrx_word' id='word_1_113' title='bbox 248 1344 346 1385; x_wconf 82' lang='lat' dir='ltr'>ego,</span> <span class='ocrx_word' id='word_1_114' title='bbox 390 1330 591 1386; x_wconf 76' lang='lat' dir='ltr'>prefatus</span> <span class='ocrx_word' id='word_1_115' title='bbox 620 1331 850 1372; x_wconf 77' lang='lat' dir='ltr'>Johannes</span> <span class='ocrx_word' id='word_1_116' title='bbox 884 1331 938 1371; x_wconf 86' lang='lat' dir='ltr'>de</span> <span class='ocrx_word' id='word_1_117' title='bbox 974 1329 1282 1376; x_wconf 79' lang='lat' dir='ltr'>Montelauro,</span> <span class='ocrx_word' id='word_1_118' title='bbox 1326 1329 1667 1371; x_wconf 70' lang='lat' dir='ltr'>archidiaconus</span> 
     </span>
     <span class='ocr_line' id='line_1_16' title="bbox 101 1401 1671 1457; baseline -0.002 -13"><span class='ocrx_word' id='word_1_119' title='bbox 101 1401 450 1457; x_wconf 78' lang='lat' dir='ltr'>Magalonensis,</span> <span class='ocrx_word' id='word_1_120' title='bbox 484 1406 527 1444; x_wconf 86' lang='lat' dir='ltr'>ct</span> <span class='ocrx_word' id='word_1_121' title='bbox 554 1402 676 1457; x_wconf 87' lang='lat' dir='ltr'>prior</span> <span class='ocrx_word' id='word_1_122' title='bbox 703 1401 885 1443; x_wconf 78' lang='lat' dir='ltr'>ecclesie</span> <span class='ocrx_word' id='word_1_123' title='bbox 915 1401 1064 1443; x_wconf 70' lang='lat' dir='ltr'>Sancti</span> <span class='ocrx_word' id='word_1_124' title='bbox 1096 1401 1297 1447; x_wconf 80' lang='lat' dir='ltr'>Firmini,</span> <span class='ocrx_word' id='word_1_125' title='bbox 1341 1414 1391 1442; x_wconf 79' lang='lat' dir='ltr'>ac</span> <span class='ocrx_word' id='word_1_126' title='bbox 1413 1401 1544 1442; x_wconf 89' lang='lat' dir='ltr'>etiam</span> <span class='ocrx_word' id='word_1_127' title='bbox 1571 1414 1671 1455; x_wconf 88' lang='lat' dir='ltr'>pro-</span> 
     </span>
     <span class='ocr_line' id='line_1_17' title="bbox 102 1472 1668 1528; baseline -0.001 -13"><span class='ocrx_word' id='word_1_128' title='bbox 102 1476 282 1516; x_wconf 89' lang='lat' dir='ltr'>curator</span> <span class='ocrx_word' id='word_1_129' title='bbox 307 1473 642 1528; x_wconf 79' lang='lat' dir='ltr'>Magaloneusis</span> <span class='ocrx_word' id='word_1_130' title='bbox 665 1473 880 1521; x_wconf 80' lang='lat' dir='ltr'>vestiarii,</span> <span class='ocrx_word' id='word_1_131' title='bbox 912 1486 991 1528; x_wconf 91' lang='lat' dir='ltr'>per</span> <span class='ocrx_word' id='word_1_132' title='bbox 1018 1486 1089 1514; x_wconf 80' lang='lat' dir='ltr'>ine</span> <span class='ocrx_word' id='word_1_133' title='bbox 1119 1475 1162 1514; x_wconf 89' lang='lat' dir='ltr'>et</span> <span class='ocrx_word' id='word_1_134' title='bbox 1188 1486 1268 1527; x_wconf 90' lang='lat' dir='ltr'>per</span> <span class='ocrx_word' id='word_1_135' title='bbox 1298 1485 1456 1513; x_wconf 78' lang='lat' dir='ltr'>ornnes</span> <span class='ocrx_word' id='word_1_136' title='bbox 1487 1472 1531 1513; x_wconf 90' lang='lat' dir='ltr'>in</span> <span class='ocrx_word' id='word_1_137' title='bbox 1553 1472 1668 1513; x_wconf 84' lang='lat' dir='ltr'>dicta</span> 
     </span>
     <span class='ocr_line' id='line_1_18' title="bbox 101 1543 1669 1594; baseline -0.002 -8"><span class='ocrx_word' id='word_1_138' title='bbox 101 1544 288 1588; x_wconf 85' lang='lat' dir='ltr'>ecclesia</span> <span class='ocrx_word' id='word_1_139' title='bbox 316 1545 468 1587; x_wconf 80' lang='lat' dir='ltr'>Sancti</span> <span class='ocrx_word' id='word_1_140' title='bbox 494 1544 707 1591; x_wconf 79' lang='lat' dir='ltr'>Firmini,</span> <span class='ocrx_word' id='word_1_141' title='bbox 741 1548 784 1586; x_wconf 81' lang='lat' dir='ltr'>et</span> <span class='ocrx_word' id='word_1_142' title='bbox 811 1544 929 1586; x_wconf 85' lang='lat' dir='ltr'>dicto</span> <span class='ocrx_word' id='word_1_143' title='bbox 960 1543 1168 1586; x_wconf 75' lang='lat' dir='ltr'>vestiario</span> <span class='ocrx_word' id='word_1_144' title='bbox 1202 1544 1519 1594; x_wconf 81' lang='lat' dir='ltr'>succedentes,</span> <span class='ocrx_word' id='word_1_145' title='bbox 1551 1544 1669 1584; x_wconf 88' lang='lat' dir='ltr'>dono</span> 
     </span>
     <span class='ocr_line' id='line_1_19' title="bbox 103 1614 1670 1672; baseline -0.002 -14"><span class='ocrx_word' id='word_1_146' title='bbox 103 1619 148 1658; x_wconf 88' lang='lat' dir='ltr'>et</span> <span class='ocrx_word' id='word_1_147' title='bbox 183 1616 281 1672; x_wconf 81' lang='lat' dir='ltr'>jure</span> <span class='ocrx_word' id='word_1_148' title='bbox 314 1616 662 1671; x_wconf 80' lang='lat' dir='ltr'>permutationis</span> <span class='ocrx_word' id='word_1_149' title='bbox 689 1617 885 1658; x_wconf 78' lang='lat' dir='ltr'>concedo</span> <span class='ocrx_word' id='word_1_150' title='bbox 923 1615 1080 1657; x_wconf 80' lang='lat' dir='ltr'>vobis.</span> <span class='ocrx_word' id='word_1_151' title='bbox 1120 1615 1304 1656; x_wconf 78' lang='lat' dir='ltr'>domino</span> <span class='ocrx_word' id='word_1_152' title='bbox 1341 1614 1582 1656; x_wconf 68' lang='lat' dir='ltr'>(luillelmo</span> <span class='ocrx_word' id='word_1_153' title='bbox 1617 1615 1670 1655; x_wconf 83' lang='lat' dir='ltr'>de</span> 
     </span>
     <span class='ocr_line' id='line_1_20' title="bbox 106 1685 1670 1742; baseline -0.002 -13"><span class='ocrx_word' id='word_1_154' title='bbox 106 1687 343 1739; x_wconf 75' lang='lat' dir='ltr'>Altiniaco,</span> <span class='ocrx_word' id='word_1_155' title='bbox 367 1687 675 1741; x_wconf 81' lang='lat' dir='ltr'>Magalonensi</span> <span class='ocrx_word' id='word_1_156' title='bbox 699 1687 926 1742; x_wconf 79' lang='lat' dir='ltr'>episcopo.</span> <span class='ocrx_word' id='word_1_157' title='bbox 953 1690 996 1728; x_wconf 86' lang='lat' dir='ltr'>et</span> <span class='ocrx_word' id='word_1_158' title='bbox 1017 1686 1352 1728; x_wconf 79' lang='lat' dir='ltr'>successorihus</span> <span class='ocrx_word' id='word_1_159' title='bbox 1373 1685 1550 1730; x_wconf 81' lang='lat' dir='ltr'>vestris.</span> <span class='ocrx_word' id='word_1_160' title='bbox 1576 1685 1670 1726; x_wconf 87' lang='lat' dir='ltr'>sine</span> 
     </span>
     <span class='ocr_line' id='line_1_21' title="bbox 103 1757 1672 1814; baseline -0.003 -14"><span class='ocrx_word' id='word_1_161' title='bbox 103 1758 256 1814; x_wconf 85' lang='lat' dir='ltr'>aliqua</span> <span class='ocrx_word' id='word_1_162' title='bbox 275 1758 542 1805; x_wconf 78' lang='lat' dir='ltr'>retentione,</span> <span class='ocrx_word' id='word_1_163' title='bbox 565 1758 770 1800; x_wconf 79' lang='lat' dir='ltr'>videlicet</span> <span class='ocrx_word' id='word_1_164' title='bbox 793 1759 1025 1800; x_wconf 83' lang='lat' dir='ltr'>ecclesiam</span> <span class='ocrx_word' id='word_1_165' title='bbox 1052 1759 1200 1799; x_wconf 72' lang='lat' dir='ltr'>sancti</span> <span class='ocrx_word' id='word_1_166' title='bbox 1219 1757 1438 1798; x_wconf 79' lang='lat' dir='ltr'>Jolnmnis</span> <span class='ocrx_word' id='word_1_167' title='bbox 1454 1758 1508 1798; x_wconf 82' lang='lat' dir='ltr'>de</span> <span class='ocrx_word' id='word_1_168' title='bbox 1524 1758 1672 1798; x_wconf 78' lang='lat' dir='ltr'>Muro-</span> 
     </span>
     <span class='ocr_line' id='line_1_22' title="bbox 104 1828 1668 1885; baseline -0.002 -14"><span class='ocrx_word' id='word_1_169' title='bbox 104 1829 274 1877; x_wconf 81' lang='lat' dir='ltr'>veteri‚</span> <span class='ocrx_word' id='word_1_170' title='bbox 305 1843 406 1872; x_wconf 90' lang='lat' dir='ltr'>cum</span> <span class='ocrx_word' id='word_1_171' title='bbox 443 1830 650 1872; x_wconf 88' lang='lat' dir='ltr'>decimis.</span> <span class='ocrx_word' id='word_1_172' title='bbox 689 1834 732 1872; x_wconf 86' lang='lat' dir='ltr'>et</span> <span class='ocrx_word' id='word_1_173' title='bbox 769 1830 1011 1885; x_wconf 72' lang='lat' dir='ltr'>primiciis,v</span> <span class='ocrx_word' id='word_1_174' title='bbox 1043 1833 1084 1871; x_wconf 84' lang='lat' dir='ltr'>et</span> <span class='ocrx_word' id='word_1_175' title='bbox 1119 1843 1220 1870; x_wconf 84' lang='lat' dir='ltr'>cnm</span> <span class='ocrx_word' id='word_1_176' title='bbox 1250 1828 1462 1870; x_wconf 80' lang='lat' dir='ltr'>omnihus</span> <span class='ocrx_word' id='word_1_177' title='bbox 1490 1828 1588 1869; x_wconf 87' lang='lat' dir='ltr'>aliis</span> <span class='ocrx_word' id='word_1_178' title='bbox 1615 1829 1668 1869; x_wconf 87' lang='lat' dir='ltr'>ad</span> 
     </span>
     <span class='ocr_line' id='line_1_23' title="bbox 102 1899 1674 1956; baseline -0.003 -13"><span class='ocrx_word' id='word_1_179' title='bbox 102 1900 248 1956; x_wconf 87' lang='lat' dir='ltr'>ipsam</span> <span class='ocrx_word' id='word_1_180' title='bbox 277 1900 511 1943; x_wconf 86' lang='lat' dir='ltr'>ecclesiam</span> <span class='ocrx_word' id='word_1_181' title='bbox 539 1901 886 1956; x_wconf 75' lang='lat' dir='ltr'>pertinentilnls,</span> <span class='ocrx_word' id='word_1_182' title='bbox 910 1914 1194 1956; x_wconf 82' lang='lat' dir='ltr'>quecumque</span> <span class='ocrx_word' id='word_1_183' title='bbox 1217 1900 1307 1941; x_wconf 81' lang='lat' dir='ltr'>sint</span> <span class='ocrx_word' id='word_1_184' title='bbox 1328 1902 1371 1941; x_wconf 81' lang='lat' dir='ltr'>et</span> <span class='ocrx_word' id='word_1_185' title='bbox 1393 1899 1674 1954; x_wconf 80' lang='lat' dir='ltr'>qualiacum-</span> 
     </span>
     <span class='ocr_line' id='line_1_24' title="bbox 102 1971 1670 2028; baseline -0.002 -14"><span class='ocrx_word' id='word_1_186' title='bbox 102 1985 189 2028; x_wconf 88' lang='lat' dir='ltr'>que</span> <span class='ocrx_word' id='word_1_187' title='bbox 210 1972 316 2025; x_wconf 89' lang='lat' dir='ltr'>sint,</span> <span class='ocrx_word' id='word_1_188' title='bbox 341 1975 386 2014; x_wconf 87' lang='lat' dir='ltr'>et</span> <span class='ocrx_word' id='word_1_189' title='bbox 413 1972 667 2028; x_wconf 82' lang='lat' dir='ltr'>specialiter</span> <span class='ocrx_word' id='word_1_190' title='bbox 688 1986 829 2014; x_wconf 82' lang='lat' dir='ltr'>unuln</span> <span class='ocrx_word' id='word_1_191' title='bbox 852 1973 1055 2014; x_wconf 87' lang='lat' dir='ltr'>modium</span> <span class='ocrx_word' id='word_1_192' title='bbox 1078 1972 1214 2024; x_wconf 79' lang='lat' dir='ltr'>bladi,</span> <span class='ocrx_word' id='word_1_193' title='bbox 1239 1975 1283 2012; x_wconf 89' lang='lat' dir='ltr'>et</span> <span class='ocrx_word' id='word_1_194' title='bbox 1304 1984 1444 2012; x_wconf 92' lang='lat' dir='ltr'>unum</span> <span class='ocrx_word' id='word_1_195' title='bbox 1468 1971 1670 2012; x_wconf 89' lang='lat' dir='ltr'>modium</span> 
     </span>
     <span class='ocr_line' id='line_1_25' title="bbox 102 2042 1675 2100; baseline -0.001 -16"><span class='ocrx_word' id='word_1_196' title='bbox 102 2043 211 2091; x_wconf 84' lang='lat' dir='ltr'>vini,</span> <span class='ocrx_word' id='word_1_197' title='bbox 244 2046 288 2086; x_wconf 81' lang='lat' dir='ltr'>et</span> <span class='ocrx_word' id='word_1_198' title='bbox 309 2046 506 2099; x_wconf 84' lang='lat' dir='ltr'>quatuor</span> <span class='ocrx_word' id='word_1_199' title='bbox 533 2044 721 2086; x_wconf 85' lang='lat' dir='ltr'>sestaria</span> <span class='ocrx_word' id='word_1_200' title='bbox 748 2044 887 2091; x_wconf 72' lang='lat' dir='ltr'>ordei,</span> <span class='ocrx_word' id='word_1_201' title='bbox 919 2058 1006 2100; x_wconf 90' lang='lat' dir='ltr'>qne</span> <span class='ocrx_word' id='word_1_202' title='bbox 1048 2043 1168 2098; x_wconf 87' lang='lat' dir='ltr'>prior</span> <span class='ocrx_word' id='word_1_203' title='bbox 1195 2043 1344 2084; x_wconf 67' lang='lat' dir='ltr'>Sancti</span> <span class='ocrx_word' id='word_1_204' title='bbox 1375 2042 1559 2083; x_wconf 87' lang='lat' dir='ltr'>Firmini</span> <span class='ocrx_word' id='word_1_205' title='bbox 1595 2055 1675 2083; x_wconf 87' lang='lat' dir='ltr'>an-</span> 
     </span>
     <span class='ocr_line' id='line_1_26' title="bbox 103 2113 1672 2171; baseline -0.002 -15"><span class='ocrx_word' id='word_1_206' title='bbox 103 2114 276 2157; x_wconf 89' lang='lat' dir='ltr'>nuatim</span> <span class='ocrx_word' id='word_1_207' title='bbox 305 2115 581 2170; x_wconf 76' lang='lat' dir='ltr'>percipiebat</span> <span class='ocrx_word' id='word_1_208' title='bbox 610 2115 651 2156; x_wconf 94' lang='lat' dir='ltr'>in</span> <span class='ocrx_word' id='word_1_209' title='bbox 682 2115 879 2171; x_wconf 78' lang='lat' dir='ltr'>predicta</span> <span class='ocrx_word' id='word_1_210' title='bbox 908 2114 1093 2157; x_wconf 79' lang='lat' dir='ltr'>ecclesia</span> <span class='ocrx_word' id='word_1_211' title='bbox 1124 2114 1271 2157; x_wconf 68' lang='lat' dir='ltr'>[sancti</span> <span class='ocrx_word' id='word_1_212' title='bbox 1297 2114 1481 2155; x_wconf 88' lang='lat' dir='ltr'>Firmini</span> <span class='ocrx_word' id='word_1_213' title='bbox 1505 2116 1546 2155; x_wconf 88' lang='lat' dir='ltr'>et</span> <span class='ocrx_word' id='word_1_214' title='bbox 1574 2113 1672 2168; x_wconf 80' lang='lat' dir='ltr'>ejus</span> 
     </span>
     <span class='ocr_line' id='line_1_27' title="bbox 105 2185 371 2228; baseline -0.004 0"><span class='ocrx_word' id='word_1_215' title='bbox 105 2185 371 2228; x_wconf 85' lang='lat' dir='ltr'>redditibus.</span> 
     </span>
    </p>

    <p class='ocr_par' dir='ltr' id='par_1_4' title="bbox 103 2255 1678 2883">
     <span class='ocr_line' id='line_1_28' title="bbox 163 2255 1673 2314; baseline -0.002 -15"><span class='ocrx_word' id='word_1_216' title='bbox 163 2258 370 2300; x_wconf 79' lang='lat' dir='ltr'>Preterea</span> <span class='ocrx_word' id='word_1_217' title='bbox 411 2258 468 2300; x_wconf 89' lang='lat' dir='ltr'>do</span> <span class='ocrx_word' id='word_1_218' title='bbox 505 2261 549 2300; x_wconf 86' lang='lat' dir='ltr'>et</span> <span class='ocrx_word' id='word_1_219' title='bbox 586 2259 782 2301; x_wconf 79' lang='lat' dir='ltr'>concedo</span> <span class='ocrx_word' id='word_1_220' title='bbox 810 2272 889 2314; x_wconf 93' lang='lat' dir='ltr'>per</span> <span class='ocrx_word' id='word_1_221' title='bbox 916 2271 987 2300; x_wconf 88' lang='lat' dir='ltr'>me</span> <span class='ocrx_word' id='word_1_222' title='bbox 1020 2261 1061 2300; x_wconf 89' lang='lat' dir='ltr'>et</span> <span class='ocrx_word' id='word_1_223' title='bbox 1092 2272 1171 2313; x_wconf 82' lang='lat' dir='ltr'>per</span> <span class='ocrx_word' id='word_1_224' title='bbox 1198 2271 1357 2299; x_wconf 86' lang='lat' dir='ltr'>omnes</span> <span class='ocrx_word' id='word_1_225' title='bbox 1385 2257 1429 2298; x_wconf 90' lang='lat' dir='ltr'>in</span> <span class='ocrx_word' id='word_1_226' title='bbox 1462 2255 1673 2312; x_wconf 81' lang='lat' dir='ltr'>predictis</span> 
     </span>
     <span class='ocr_line' id='line_1_29' title="bbox 105 2327 1673 2385; baseline -0.002 -15"><span class='ocrx_word' id='word_1_227' title='bbox 105 2328 237 2371; x_wconf 88' lang='lat' dir='ltr'>michi</span> <span class='ocrx_word' id='word_1_228' title='bbox 273 2330 588 2373; x_wconf 80' lang='lat' dir='ltr'>succedentes,</span> <span class='ocrx_word' id='word_1_229' title='bbox 629 2329 725 2385; x_wconf 80' lang='lat' dir='ltr'>jure</span> <span class='ocrx_word' id='word_1_230' title='bbox 760 2329 1123 2384; x_wconf 77' lang='lat' dir='ltr'>permutationis,</span> <span class='ocrx_word' id='word_1_231' title='bbox 1171 2329 1296 2371; x_wconf 76' lang='lat' dir='ltr'>vohis</span> <span class='ocrx_word' id='word_1_232' title='bbox 1325 2328 1510 2370; x_wconf 88' lang='lat' dir='ltr'>domino</span> <span class='ocrx_word' id='word_1_233' title='bbox 1533 2327 1673 2382; x_wconf 64' lang='lat' dir='ltr'>Glnil-</span> 
     </span>
     <span class='ocr_line' id='line_1_30' title="bbox 103 2399 1675 2457; baseline -0.001 -16"><span class='ocrx_word' id='word_1_234' title='bbox 103 2399 257 2454; x_wconf 78' lang='lat' dir='ltr'>lelino]</span> <span class='ocrx_word' id='word_1_235' title='bbox 285 2400 340 2442; x_wconf 88' lang='lat' dir='ltr'>de</span> <span class='ocrx_word' id='word_1_236' title='bbox 367 2399 614 2447; x_wconf 76' lang='lat' dir='ltr'>Altiniaco,</span> <span class='ocrx_word' id='word_1_237' title='bbox 646 2401 955 2457; x_wconf 78' lang='lat' dir='ltr'>Magalonensi</span> <span class='ocrx_word' id='word_1_238' title='bbox 984 2401 1220 2456; x_wconf 86' lang='lat' dir='ltr'>episcopo.</span> <span class='ocrx_word' id='word_1_239' title='bbox 1258 2403 1302 2442; x_wconf 80' lang='lat' dir='ltr'>et</span> <span class='ocrx_word' id='word_1_240' title='bbox 1341 2399 1675 2442; x_wconf 84' lang='lat' dir='ltr'>successoribus</span> 
     </span>
     <span class='ocr_line' id='line_1_31' title="bbox 103 2470 1673 2527; baseline -0.001 -15"><span class='ocrx_word' id='word_1_241' title='bbox 103 2470 282 2518; x_wconf 83' lang='lat' dir='ltr'>vestris,</span> <span class='ocrx_word' id='word_1_242' title='bbox 305 2471 460 2513; x_wconf 85' lang='lat' dir='ltr'>omnia</span> <span class='ocrx_word' id='word_1_243' title='bbox 480 2471 568 2514; x_wconf 88' lang='lat' dir='ltr'>alia</span> <span class='ocrx_word' id='word_1_244' title='bbox 589 2471 689 2527; x_wconf 87' lang='lat' dir='ltr'>jura</span> <span class='ocrx_word' id='word_1_245' title='bbox 713 2473 965 2527; x_wconf 80' lang='lat' dir='ltr'>corporalia</span> <span class='ocrx_word' id='word_1_246' title='bbox 986 2475 1029 2514; x_wconf 86' lang='lat' dir='ltr'>et</span> <span class='ocrx_word' id='word_1_247' title='bbox 1051 2471 1364 2527; x_wconf 84' lang='lat' dir='ltr'>incorporalia,</span> <span class='ocrx_word' id='word_1_248' title='bbox 1387 2484 1673 2526; x_wconf 86' lang='lat' dir='ltr'>quecumque</span> 
     </span>
     <span class='ocr_line' id='line_1_32' title="bbox 103 2542 1678 2598; baseline -0.001 -14"><span class='ocrx_word' id='word_1_249' title='bbox 103 2542 193 2584; x_wconf 84' lang='lat' dir='ltr'>sint</span> <span class='ocrx_word' id='word_1_250' title='bbox 219 2545 263 2584; x_wconf 90' lang='lat' dir='ltr'>et</span> <span class='ocrx_word' id='word_1_251' title='bbox 284 2542 633 2598; x_wconf 85' lang='lat' dir='ltr'>qualiacumque</span> <span class='ocrx_word' id='word_1_252' title='bbox 656 2543 760 2587; x_wconf 86' lang='lat' dir='ltr'>sint.</span> <span class='ocrx_word' id='word_1_253' title='bbox 795 2544 836 2584; x_wconf 88' lang='lat' dir='ltr'>in</span> <span class='ocrx_word' id='word_1_254' title='bbox 867 2545 1000 2586; x_wconf 86' lang='lat' dir='ltr'>rebus</span> <span class='ocrx_word' id='word_1_255' title='bbox 1023 2558 1102 2585; x_wconf 84' lang='lat' dir='ltr'>seu</span> <span class='ocrx_word' id='word_1_256' title='bbox 1127 2542 1349 2598; x_wconf 85' lang='lat' dir='ltr'>personis,</span> <span class='ocrx_word' id='word_1_257' title='bbox 1383 2542 1497 2583; x_wconf 78' lang='lat' dir='ltr'>infra</span> <span class='ocrx_word' id='word_1_258' title='bbox 1527 2555 1678 2597; x_wconf 89' lang='lat' dir='ltr'>parro-</span> 
     </span>
     <span class='ocr_line' id='line_1_33' title="bbox 104 2612 1677 2670; baseline -0.001 -15"><span class='ocrx_word' id='word_1_259' title='bbox 104 2612 252 2655; x_wconf 84' lang='lat' dir='ltr'>chiam</span> <span class='ocrx_word' id='word_1_260' title='bbox 298 2613 493 2668; x_wconf 87' lang='lat' dir='ltr'>predicte</span> <span class='ocrx_word' id='word_1_261' title='bbox 537 2614 720 2656; x_wconf 85' lang='lat' dir='ltr'>ecclesie</span> <span class='ocrx_word' id='word_1_262' title='bbox 757 2616 812 2657; x_wconf 83' lang='lat' dir='ltr'>ad</span> <span class='ocrx_word' id='word_1_263' title='bbox 849 2615 1019 2670; x_wconf 80' lang='lat' dir='ltr'>ipsam,</span> <span class='ocrx_word' id='word_1_264' title='bbox 1059 2615 1154 2657; x_wconf 77' lang='lat' dir='ltr'>sive</span> <span class='ocrx_word' id='word_1_265' title='bbox 1193 2615 1247 2656; x_wconf 86' lang='lat' dir='ltr'>ad</span> <span class='ocrx_word' id='word_1_266' title='bbox 1288 2614 1482 2669; x_wconf 79' lang='lat' dir='ltr'>priorem</span> <span class='ocrx_word' id='word_1_267' title='bbox 1526 2613 1677 2654; x_wconf 66' lang='lat' dir='ltr'>Sancti</span> 
     </span>
     <span class='ocr_line' id='line_1_34' title="bbox 106 2683 1677 2739; baseline -0.001 -14"><span class='ocrx_word' id='word_1_268' title='bbox 106 2683 291 2725; x_wconf 85' lang='lat' dir='ltr'>Firmini</span> <span class='ocrx_word' id='word_1_269' title='bbox 329 2686 372 2725; x_wconf 84' lang='lat' dir='ltr'>ct</span> <span class='ocrx_word' id='word_1_270' title='bbox 406 2688 741 2739; x_wconf 86' lang='lat' dir='ltr'>procuratorem</span> <span class='ocrx_word' id='word_1_271' title='bbox 781 2685 884 2727; x_wconf 91' lang='lat' dir='ltr'>dicti</span> <span class='ocrx_word' id='word_1_272' title='bbox 926 2685 1121 2727; x_wconf 79' lang='lat' dir='ltr'>vestiarii</span> <span class='ocrx_word' id='word_1_273' title='bbox 1165 2684 1499 2739; x_wconf 75' lang='lat' dir='ltr'>Magaloncnsis</span> <span class='ocrx_word' id='word_1_274' title='bbox 1542 2683 1677 2738; x_wconf 79' lang='lat' dir='ltr'>perli-</span> 
     </span>
     <span class='ocr_line' id='line_1_35' title="bbox 105 2754 1676 2810; baseline -0.002 -13"><span class='ocrx_word' id='word_1_275' title='bbox 105 2754 260 2797; x_wconf 88' lang='lat' dir='ltr'>nentia</span> <span class='ocrx_word' id='word_1_276' title='bbox 274 2755 353 2809; x_wconf 84' lang='lat'>(1),</span> <span class='ocrx_word' id='word_1_277' title='bbox 379 2769 467 2810; x_wconf 88' lang='lat' dir='ltr'>que</span> <span class='ocrx_word' id='word_1_278' title='bbox 496 2756 650 2798; x_wconf 82' lang='lat' dir='ltr'>omnia</span> <span class='ocrx_word' id='word_1_279' title='bbox 671 2760 714 2798; x_wconf 90' lang='lat' dir='ltr'>et</span> <span class='ocrx_word' id='word_1_280' title='bbox 733 2757 910 2810; x_wconf 66' lang='lat' dir='ltr'>singula</span> <span class='ocrx_word' id='word_1_281' title='bbox 934 2757 1062 2798; x_wconf 79' lang='lat' dir='ltr'>vobis</span> <span class='ocrx_word' id='word_1_282' title='bbox 1085 2760 1127 2798; x_wconf 87' lang='lat' dir='ltr'>el</span> <span class='ocrx_word' id='word_1_283' title='bbox 1155 2756 1315 2797; x_wconf 74' lang='lat' dir='ltr'>vestris</span> <span class='ocrx_word' id='word_1_284' title='bbox 1339 2755 1676 2796; x_wconf 77' lang='lat' dir='ltr'>successoribus</span> 
     </span>
     <span class='ocr_line' id='line_1_36' title="bbox 106 2825 1678 2883; baseline -0.001 -17"><span class='ocrx_word' id='word_1_285' title='bbox 106 2825 292 2868; x_wconf 88' lang='lat' dir='ltr'>omnino</span> <span class='ocrx_word' id='word_1_286' title='bbox 320 2827 429 2868; x_wconf 91' lang='lat' dir='ltr'>cedo</span> <span class='ocrx_word' id='word_1_287' title='bbox 457 2830 501 2868; x_wconf 89' lang='lat' dir='ltr'>et</span> <span class='ocrx_word' id='word_1_288' title='bbox 527 2827 727 2882; x_wconf 87' lang='lat' dir='ltr'>plenarie</span> <span class='ocrx_word' id='word_1_289' title='bbox 764 2828 1012 2873; x_wconf 77' lang='lat' dir='ltr'>lranslcro,</span> <span class='ocrx_word' id='word_1_290' title='bbox 1043 2831 1082 2869; x_wconf 80' lang='lat' dir='ltr'>el</span> <span class='ocrx_word' id='word_1_291' title='bbox 1107 2828 1178 2883; x_wconf 82' lang='lat' dir='ltr'>jus</span> <span class='ocrx_word' id='word_1_292' title='bbox 1212 2827 1401 2868; x_wconf 90' lang='lat' dir='ltr'>dominii</span> <span class='ocrx_word' id='word_1_293' title='bbox 1430 2830 1470 2867; x_wconf 72' lang='lat' dir='ltr'>el</span> <span class='ocrx_word' id='word_1_294' title='bbox 1503 2840 1678 2881; x_wconf 75' lang='lat' dir='ltr'>posscs-</span> 
     </span>
    </p>
   </div>
   <div class='ocr_carea' id='block_1_3' title="bbox 154 2974 1552 3095">
    <p class='ocr_par' dir='ltr' id='par_1_5' title="bbox 154 2974 1552 3095">
     <span class='ocr_line' id='line_1_37' title="bbox 154 2974 684 3019; baseline 0 -11"><span class='ocrx_word' id='word_1_295' title='bbox 154 2974 202 3019; x_wconf 86' lang='lat'>(1)</span> <span class='ocrx_word' id='word_1_296' title='bbox 232 2975 359 3010; x_wconf 84' lang='lat' dir='ltr'>Cart.:</span> <span class='ocrx_word' id='word_1_297' title='bbox 381 2975 684 3019; x_wconf 77' lang='lat' dir='ltr'>pertinentibus.</span> 
     </span>
     <span class='ocr_line' id='line_1_38' title="bbox 231 3043 1552 3095; baseline 0.003 -21"><span class='ocrx_word' id='word_1_298' title='bbox 231 3043 319 3075; x_wconf 75' lang='lat' dir='ltr'>Cart.</span> <span class='ocrx_word' id='word_1_299' title='bbox 342 3044 492 3095; x_wconf 27' lang='lat' dir='ltr'>de&#39;Maq.</span> <span class='ocrx_word' id='word_1_300' title='bbox 521 3064 554 3068; x_wconf 87' lang='lat'>—</span> <span class='ocrx_word' id='word_1_301' title='bbox 579 3046 613 3075; x_wconf 89' lang='lat' dir='ltr'>T.</span> <span class='ocrx_word' id='word_1_302' title='bbox 642 3045 666 3075; x_wconf 86' lang='lat' dir='ltr'>ll</span> <span class='ocrx_word' id='word_1_303' title='bbox 1534 3047 1552 3078; x_wconf 71' lang='lat' dir='ltr'>tl</span> 
     </span>
    </p>
   </div>
  </div>
 </body>
</html>
