2070 3486
1043 271 1272 313 -70,-

378 369 590 423 Melgorio
624 371 667 410 et
701 370 918 411 mensate,
953 365 1064 423 [pro]
1098 366 1289 408 utilitate
1323 368 1531 406 nostra...
1559 364 1942 420 p‹=1·1m1[0(1)‚et

380 441 558 482 nomine
601 438 946 494 permutationis
982 440 1024 479 et
1066 437 1194 479 titulo
1229 436 1440 478 es‹·aml›ii
1467 436 1557 490 (2),
1600 450 1678 490 pro
1700 436 1760 490 (3)
1793 435 1942 478 alodio

380 512 518 552 libero
549 511 726 551 trado...
760 509 839 551 tibi
874 508 1141 560 Bonasossc,
1174 507 1302 549 uxori
1333 505 1562 562 quondam
1593 506 1741 547 l‘oucii
1769 506 1938 554 (ii-assi,

380 586 423 623 et
446 582 548 625 tuis,
580 584 623 622 rt
656 580 1016 635 quibuscumque
1046 579 1257 625 volueris,
1283 579 1337 620 ad
1363 592 1520 618 omnes
1551 580 1649 618 tuus
1673 580 1942 632 tuorumque

382 653 638 695 voluntates
665 652 710 693 in
736 653 1006 706 perpetuum
1031 650 1167 691 libere
1197 649 1439 692 faciendas,
1465 648 1675 690 videlicet
1695 649 1942 703 quamdam

381 724 547 779 petiam
572 726 684 765 terre
706 722 839 764 trium
857 721 1174 764 eminatarum.
1200 734 1287 775 que
1308 719 1618 761 csmfrontatur
1639 732 1663 760 a
1686 718 1817 760 cii-vio
1840 732 1942 761 cum

380 799 495 837 terra
523 797 614 842 tua,
639 807 666 835 a
688 795 823 835 vento
844 806 944 834 cum
976 795 1093 834 terra
1129 793 1218 833 i'et.
1252 790 1473 838 Matfredi,
1507 791 1563 831 al)
1594 790 1805 845 aquilone
1840 803 1941 831 cum

380 870 495 908 terra
518 878 604 920 que
628 864 711 906 t'uit
739 864 853 905 Petri
876 865 931 905 de
959 863 1223 910 Calvitione,
1249 878 1275 904 a
1298 863 1569 904 cormacum
1593 864 1708 903 terra
1733 861 1942 903 Bernardi

379 938 433 979 de
455 936 622 978 Castris
643 939 687 977 et
715 948 793 977 sue
822 935 991 976 uxoris.

438 1009 490 1050 Et
511 1022 592 1062 ego
615 1007 732 1049 dicta
758 1006 974 1058 Bonasos,
1007 1006 1225 1060 recipiens
1259 1019 1282 1046 a
1313 1008 1353 1047 te
1383 1005 1630 1064 predictam
1667 1007 1830 1046 terram
1864 1017 1945 1059 pro

380 1081 519 1122 libero
546 1079 694 1121 alodio
715 1079 802 1133 (4),
830 1078 1184 1132 permutando..
1224 1078 1278 1118 ad
1308 1076 1499 1117 liberum
1527 1075 1727 1117 alodium
1759 1075 1939 1117 trado...

381 1151 474 1193 tibi.
500 1150 699 1205 predicto
727 1148 911 1190 domino
943 1149 1070 1189 t‘etro
1098 1148 1153 1189 de
1182 1146 1539 1194 insuiteferrario,
1569 1147 1661 1202 jam
1683 1146 1798 1188 dicte
1821 1159 1945 1188 men-

379 1225 473 1264 sate
496 1220 790 1277 procuratori,
817 1222 861 1262 et
879 1219 1215 1261 successoribus
1239 1219 1341 1265 tuis,
1365 1219 1419 1259 ad
1439 1231 1597 1260 omncs
1620 1220 1720 1259 tuas
1744 1221 1946 1259 tuorum-

377 1308 464 1349 que
505 1304 817 1334 successorum
858 1290 1116 1332 voluntates
1160 1290 1495 1344 imperpetuum
1532 1289 1669 1329 libere
1699 1289 1940 1335 faciendas,

379 1364 626 1418 scilicetffi)
667 1363 913 1418 quamdam
955 1361 1128 1416 peciam
1160 1364 1271 1402 terre
1308 1374 1395 1416 que
1434 1360 1722 1416 conjungitur
1753 1374 1780 1401 a
1813 1359 1944 1402 circio

380 1449 481 1477 cum
505 1448 631 1476 croso
659 1433 784 1475 Beati
805 1433 975 1474 Thome
1002 1433 1058 1474 de
1085 1432 1233 1473 Medio
1255 1431 1441 1486 Campo,
1469 1434 1511 1472 et
1533 1445 1589 1472 ex
1611 1431 1824 1473 omnihus
1845 1430 1945 1473 aliis

382 1506 585 1562 partibus
613 1518 715 1546 cum
742 1503 873 1545 terris
900 1502 1083 1544 nostris.

440 1578 493 1618 Et
513 1590 594 1630 ego
618 1577 774 1617 Petrus
793 1575 847 1616 de
868 1573 1209 1615 B‘Ionteferrario
1232 1573 1473 1628 predictus.
1494 1576 1753 1628 procurator
1773 1573 1946 1628 pretate

383 1651 601 1697 mensate,
621 1661 701 1703 per
722 1660 793 1689 me
816 1649 859 1688 et
880 1660 959 1701 per
980 1659 1138 1687 omnes
1162 1658 1417 1687 sucessores
1442 1659 1581 1688 meos.
1605 1659 1661 1687 ex
1680 1658 1772 1687 una
1793 1648 1942 1700 parte:

379 1724 423 1762 et
439 1734 520 1775 ego
537 1720 655 1761 dicta
668 1718 879 1760 Bonasos.
899 1731 979 1772 per
997 1730 1069 1759 me
1085 1720 1128 1758 et
1147 1730 1226 1772 per
1244 1730 1426 1758 omnem
1445 1730 1592 1758 meam
1614 1717 1942 1772 posteritatem,

380 1806 436 1834 ex
455 1792 557 1834 alia.
578 1804 657 1846 per
679 1789 1019 1845 stipulationem
1045 1789 1099 1830 ad
1124 1788 1316 1830 invicem
1342 1788 1665 1843 promittimus,
1685 1789 1807 1843 quod
1831 1789 1954 1831 hanc·

382 1861 763 1918 permutationem
798 1863 842 1902 et
872 1861 953 1902 hec
989 1859 1142 1901 omnia
1170 1859 1213 1901 in
1237 1860 1321 1901 hoc
1348 1862 1651 1901 instrumento
1679 1859 1942 1915 prescripta,

381 1934 514 1976 firma
549 1936 807 1980 teneamus,
841 1935 884 1974 et
911 1932 955 1973 in
982 1936 1252 1986 perpetuum
1282 1934 1379 1972 rata
1416 1945 1596 1973 numere
1633 1931 1878 1980 faciamus,
1904 1934 1949 1974 et

382 2008 537 2047 contra
558 2016 791 2058 nunquam
811 2003 964 2058 aliquo
983 2002 1080 2057 jure
1103 2002 1268 2057 scripto
1287 2001 1357 2043 vel
1380 2016 1469 2043 non
1493 2002 1658 2057 scripto
1683 2002 1943 2050 venian1us;

383 2080 426 2118 et
448 2076 483 2118 si
499 2075 607 2131 quid
629 2075 733 2116 inde
754 2074 999 2128 aliquando
1015 2073 1150 2114 fuerit
1171 2073 1384 2121 evictum,
1404 2073 1480 2113 uui
1503 2086 1560 2114 ex
1581 2073 1710 2115 nobis
1731 2073 1788 2115 ab
1805 2073 1946 2115 altero

383 2151 526 2190 totum
546 2147 643 2202 jure
666 2146 948 2192 restituatur;
973 2148 1017 2187 et
1037 2145 1154 2186 circa
1175 2144 1445 2186 evictionem
1470 2145 1586 2186 ultro
1614 2144 1814 2200 citroque
1835 2144 1948 2187 alter

380 2220 572 2261 alterum
599 2218 891 2272 indempnem
934 2216 1249 2263 conservabit;
1296 2219 1338 2258 et
1382 2215 1702 2258 renunciamus
1722 2215 1783 2271 (6)
1821 2216 1947 2258 omni

379 2290 464 2346 juri
493 2304 581 2345 quo
609 2291 763 2356 contra
792 2289 874 2330 hec
899 2291 978 2330 aut
1010 2288 1173 2329 horum
1198 2288 1320 2343 quid,
1350 2289 1484 2329 modo
1514 2287 1585 2329 vel
1612 2287 1658 2328 in
1692 2290 1942 2342 posterum,

379 2375 459 2403 nos
479 2361 636 2417 juvare
658 2372 913 2415 possemus.
945 2359 1035 2400 Hec
1056 2359 1210 2400 omnia
1232 2361 1275 2400 et
1294 2358 1471 2412 singula,
1500 2372 1578 2413 per
1600 2361 1778 2400 nostras
1803 2359 1946 2400 bonas

380 2432 493 2474 fides
522 2431 714 2473 fideliter
740 2430 1104 2472 observabimus.

432 2720 436 2743 i

429 2769 436 2809 (
470 2766 478 2807 ’)
507 2766 630 2801 Cart:
655 2775 679 2809 p
708 2774 752 2798 “a
769 2775 780 2802 :
800 2774 825 2809 p
847 2773 949 2799 avec
969 2761 1231 2798 aln·‹'.¹viati‹)n
1256 2761 1303 2797 do
1325 2772 1396 2807 pro
1417 2777 1464 2794 z
1481 2773 1554 2808 pro
1580 2773 1714 2798 rausa.

429 2825 476 2870 (4)
507 2824 631 2860 Cart.:
653 2834 726 2868 pro
749 2823 870 2858 libere
892 2821 1062 2858 vei-odit).

426 2885 473 2926 (51
504 2884 629 2920 Cart.:
655 2882 797 2918 silicet.

424 2943 475 2989 (ss)
505 2944 628 2978 Cart:
653 2943 898 2978 rmnmcz'aw.
