2070 3486
976 311 1028 317 —-
1064 284 1149 327 802
1185 310 1238 314 —

322 386 553 429 occasione
585 383 723 425 debiti
752 380 1013 437 supradicti,
1039 380 1186 421 l'uislis
1209 380 1277 421 vel
1304 379 1483 421 luerunt
1511 378 1641 420 nobis
1662 380 1740 419 aut
1760 377 1891 419 alicui

322 461 375 500 de
413 460 562 498 nostra
600 455 811 497 societate
846 453 1134 510 aliquatenus
1167 451 1379 505 obligath
1421 453 1464 492 et
1494 437 1561 492 ita
1598 451 1807 491 cedentes
1840 463 1891 492 ac

327 531 368 571 in
398 542 475 570 vos
509 530 552 569 et
584 529 760 568 vestros
791 524 973 579 penitus
998 523 1318 565 transferentes
1341 535 1475 563 omne
1501 521 1588 577 jus,
1614 523 1657 562 et
1678 520 1892 576 quicquid

328 612 529 655 unquam
552 597 683 639 nobis
705 596 776 638 vel
798 594 930 637 alicui
949 595 1003 636 de
1026 594 1253 639 societate,
1275 593 1318 634 in
1341 593 1458 635 dicto
1481 592 1633 634 debito
1656 592 1725 634 vel
1751 591 1894 647 ipsius

328 671 577 718 occasione,
609 667 842 723 competiit
867 669 1022 708 contra
1056 679 1136 707 vos
1171 679 1250 707 seu
1278 664 1477 719 aliquem
1505 677 1585 719 pro
1622 663 1765 707 vobis,
1805 676 1890 710 res,

328 744 474 789 bona,
516 744 560 782 et
600 741 699 796 jura
738 741 903 786 vestra,
956 737 1144 779 iacimus
1182 736 1312 777 vebis
1351 739 1394 777 et
1431 734 1665 777 vobiscum
1707 733 1897 776 firmiter

327 817 524 870 pactum.
554 812 718 853 lactum
751 808 1062 864 sollempniter
1083 811 1127 849 et
1148 807 1359 855 inhitum,
1388 807 1443 848 de
1470 820 1560 847 non
1587 806 1762 861 agendo
1786 804 1897 847 ulte—

325 886 416 928 rius
436 888 479 926 et
500 885 555 925 de
577 896 663 924 non
686 882 881 937 petendo
903 880 1073 935 aliquid
1098 881 1306 934 pretextu
1328 877 1467 921 debiti
1496 877 1790 932 suprascripti
1812 876 1892 931 (>l);

324 959 556 999 cassantes
584 957 627 996 et
652 953 908 995 anullantes
941 950 1278 1002 nichilominus,
1304 963 1432 991 cassa
1458 949 1598 991 eciam
1628 951 1672 990 et
1700 948 1824 990 nulla
1845 961 1896 990 ac

326 1028 494 1070 nullius
533 1025 700 1068 valoris
738 1037 837 1066 esse
878 1022 1082 1064 volentes
1116 1021 1317 1077 predicta
1360 1020 1681 1068 instrumenta,
1726 1019 1898 1062 litteras

326 1098 618 1155 apostolicaS,
651 1099 695 1138 et
721 1095 833 1137 alias
861 1094 1186 1150 cujuscumque
1216 1092 1384 1135 tenoris
1419 1091 1638 1140 existant,
1670 1094 1714 1134 et
1740 1103 1900 1133 omnes

327 1171 438 1213 alias
466 1168 702 1212 canciones
731 1170 775 1209 et
802 1166 982 1221 scripta,
1015 1165 1127 1207 sacta
1153 1178 1288 1220 super
1315 1163 1401 1205 hiis
1430 1163 1500 1205 vel
1528 1164 1729 1211 obtenta,
1752 1164 1797 1204 et
1817 1162 1902 1205 hoc

328 1244 552 1297 quatenus
580 1240 635 1281 ad
664 1252 850 1293 presens
878 1236 1098 1289 debitum,
1131 1238 1176 1278 et
1202 1249 1290 1291 que
1317 1249 1343 1277 a
1369 1234 1499 1277 vobis
1522 1234 1595 1276 vel
1622 1233 1725 1282 alio,
1758 1232 1901 1289 ipsius

329 1311 717 1367 contemplacione
745 1309 901 1358 debiti,
938 1308 1028 1363 peti
1057 1310 1267 1363 possent;
1300 1306 1616 1348 renunciantes
1645 1305 1769 1347 omni
1794 1304 1896 1361 juri,

326 1388 371 1428 et
394 1383 576 1431 racioni,
602 1397 654 1425 ac
684 1380 909 1424 universis
939 1379 1137 1427 auxiliis,
1171 1379 1337 1434 quibus
1365 1391 1621 1433 possemus,
1651 1390 1788 1433 super
1814 1376 1900 1418 hiis

327 1472 377 1499 uc
393 1455 597 1511 singulis,
615 1453 762 1510 juvari
786 1453 830 1494 in
847 1452 1042 1494 solidum
1059 1451 1128 1493 vel
1147 1451 1188 1492 in
1205 1453 1353 1506 parte;
1375 1463 1427 1492 ac
1449 1449 1492 1490 in
1513 1449 1691 1505 signum
1715 1448 1901 1491 evidens

329 1526 546 1584 plenioris
581 1525 902 1578 absolucionis,
942 1523 1174 1570 cessionis,
1217 1521 1574 1564 renunciacionis
1607 1523 1652 1562 et
1684 1520 1903 1576 acquitta-

330 1600 486 1647 (rionis,
513 1599 815 1640 instrumenta
848 1595 1049 1651 predicta
1075 1594 1206 1636 vobis
1234 1593 1507 1635 manualiter
1534 1592 1770 1640 tradimus,
1802 1605 1904 1648 pro-

334 1672 564 1715 mittentes
599 1670 721 1725 qued
758 1670 915 1710 contra
941 1666 1142 1722 predicta
1178 1666 1249 1707 vel
1285 1664 1457 1720 aliquid
1484 1665 1539 1706 de
1566 1663 1793 1719 predictis,
1825 1677 1905 1720 per

333 1758 415 1786 nos
446 1742 515 1784 vel
543 1742 699 1788 alium,
732 1740 1020 1795 aliquatenus
1041 1737 1295 1779 veniemus.

395 1816 549 1857 Testes
573 1815 678 1855 sunt
698 1811 892 1854 Peneius
913 1811 1108 1852 Thomas
1138 1809 1380 1851 canonicus
1408 1807 1757 1862 Magalonensis,
1782 1806 1906 1849 Guil-

333 1887 499 1929 li=lmus
539 1886 593 1927 de
633 1883 821 1931 Cruolis,
864 1884 1024 1924 Petrus
1064 1880 1281 1923 Bonilacii
1324 1881 1593 1934 burgenses,
1636 1878 1905 1921 Guillelmus

334 1958 528 2005 Bidocii,
561 1958 719 1998 Petrus
752 1953 961 2002 Baudilii,
992 1956 1036 1995 et
1063 1953 1215 2008 plures
1247 1951 1321 1994 alii
1353 1954 1397 1993 et
1428 1952 1658 1993 Johannes
1679 1952 1900 1998 Brunenc,

334 2029 521 2086 predicti
543 2027 715 2070 domini
737 2025 937 2082 episcopi
965 2025 1009 2067 in
1040 2038 1121 2066 sua
1142 2023 1310 2066 diocesi
1338 2026 1382 2065 et
1401 2022 1619 2065 comitatu
1639 2021 1841 2078 Melgerii
1863 2024 1907 2064 ct

336 2099 700 2144 Montislerrandi
738 2097 946 2154 publicus
986 2096 1210 2143 notarius,
1242 2095 1341 2151 qui,
1385 2096 1626 2137 mandatus
1659 2108 1685 2136 a
1722 2093 1906 2136 domino

338 2173 548 2229 episcopo
576 2174 620 2213 et
648 2169 973 2212 mercatoribus
1000 2167 1228 2224 predictis,
1268 2168 1347 2209 hec
1379 2166 1572 2222 scripsit,
1604 2169 1648 2208 et
1675 2166 1803 2221 signo
1825 2180 1907 2208 suo

339 2244 549 2301 signavit,
585 2246 629 2285 et
658 2240 978 2297 suprascripsit
1010 2240 1055 2281 in
1087 2240 1266 2281 duobus
1289 2239 1411 2287 locis,
1441 2238 1486 2280 in
1514 2252 1605 2280 uno
1627 2251 1822 2293 quorum
1843 2240 1910 2280 est

339 2317 552 2372 scriplum
579 2320 747 2362 cestris,
776 2312 885 2355 etin
907 2312 995 2354 alio
1018 2312 1115 2353 1060
1141 2314 1209 2353 est
1237 2311 1454 2366 scriptum
1482 2309 1668 2352 ἱηίιιὶίιι.

1359 2394 1458 2432 (neg.
1487 2392 1520 2427 E,
1548 2393 1605 2423 [ol.
1628 2391 1667 2422 93
1690 2394 1742 2429 1¹⁹).

739 2563 977 2599 DCXXXV.
1007 2583 1051 2586 ψ
1080 2562 1123 2596 15
1150 2559 1368 2596 decembre
1401 2559 1487 2594 1721>ss

345 2671 604 2718 Quittance
625 2670 684 2705 de
708 2669 837 2704 deux
856 2666 1043 2703 annees
1063 2666 1123 2701 de
1145 2675 1262 2700 cens
1283 2663 1466 2699 annual
1494 2662 1558 2698 du
1582 2672 1674 2708 par·
1697 2659 1913 2706 l'eveque

840 2738 841 2741 ¹
860 2738 924 2763 au
944 2726 1107 2763 tresor·
1126 2723 1391 2771 pontifical-

403 2805 567 2845 Notum
588 2802 645 2843 sit
659 2801 885 2843 universis
901 2802 944 2842 et
960 2798 1149 2854 singulis
1166 2799 1420 2853 presentem
1436 2798 1607 2838 cartam
1625 2793 1911 2850 inspecturis,

343 2876 462 2931 quod
495 2889 590 2919 uos,
621 2874 813 2915 ‚lacobus
842 2871 1044 2926 Gregorii
1067 2872 1109 2913 ct
1138 2870 1340 2911 Ventuia
1367 2867 1556 2915 Gambii,
1590 2866 1697 2909 socii
1726 2865 1915 2909 ltelandi

395 2977 443 3022 ³1)
477 2976 602 3012 Cant:
627 2973 929 3020 suprascripti&
