2070 3486
744 386 796 390 —
837 360 916 402 193
951 387 1003 390 —

98 454 349 500 fructuum,
387 453 739 498 obventionum,
779 455 1038 496 reddituum
1077 455 1207 496 castri
1249 456 1302 496 de
1344 455 1582 510 Metgorio,
1616 458 1654 497 et

93 524 297 566 omnium
321 537 486 568 rerum,
505 525 560 566 ad
582 525 730 579 ipsum
753 528 950 566 castrum
973 526 1323 580 pertinencium,
1346 529 1658 581 perceptorum

95 596 152 636 ab
180 595 257 641 iis,
296 595 366 637 vel
402 596 459 637 ab
497 591 585 636 alio
624 596 804 637 nomine
847 610 1029 641 eorum,
1071 597 1128 638 ab
1155 611 1208 638 eo
1236 597 1306 639 die
1339 611 1429 652 quo
1459 600 1654 638 castrum

95 666 297 720 Melgorii
326 666 409 708 fuit
435 666 682 721 obligatum
715 666 886 722 prefato
908 669 1097 709 condam
1123 669 1390 723 Raymuudo
1413 670 1467 709 de
1491 671 1654 709 sancio

93 736 292 778 Firmino
312 750 338 779 a
359 737 543 778 domino
563 737 842 792 (J[uillclmo]
860 739 913 779 de
935 738 1171 780 Altiuiaco.
1191 740 1420 793 quondam
1443 739 1655 793 episcopo

93 807 423 862 Magalonensi,
459 821 601 862 usque
641 809 696 849 ad
733 808 991 863 proximum
1030 809 1193 851 festum
1233 809 1347 850 beati
1379 810 1491 851 Luce
1520 822 1656 851 evau-

92 877 266 933 geliste.
322 919 327 930 Δ

152 949 263 992 Item
293 949 548 1005 sepedictus
578 948 883 1007 B[e1·1iardus]‚
916 951 1155 1006 episcopus
1177 951 1522 1006 Magalonvnsis.
1547 951 1656 993 libe-

92 1019 210 1062 ravit
226 1023 271 1062 et
290 1021 488 1062 absolvit
508 1021 650 1063 dictos
674 1021 863 1063 heredes
885 1023 1075 1063 condam
1100 1023 1149 1064 R.
1175 1023 1229 1063 de
1252 1024 1416 1064 sanvto
1438 1022 1650 1069 Firmino,

92 1094 137 1134 et
153 1094 325 1134 tutores
344 1105 517 1139 eorum,
544 1095 587 1134 et
608 1106 678 1134 res
700 1093 964 1135 eorumdem
987 1094 1043 1135 ab
1065 1093 1187 1134 «unni
1207 1093 1398 1145 actione,
1420 1094 1650 1148 petitione,

91 1163 425 1219 prosecutione,
452 1177 590 1219 quam
615 1164 764 1215 habet,
790 1165 860 1206 vel
882 1165 1046 1207 habere
1070 1167 1245 1219 poterat
1273 1178 1352 1206 seu
1379 1165 1574 1206 debebat
1592 1164 1654 1219 (l)

90 1247 144 1277 eo
164 1236 286 1290 quod
308 1234 464 1290 predia
491 1236 657 1277 rustica
684 1250 762 1277 seu
791 1235 967 1277 edificia
993 1236 1125 1278 castri
1153 1237 1207 1278 de
1235 1235 1464 1291 Metgorio.
1496 1249 1652 1277 eorum

90 1306 382 1362 negligencia.
402 1307 558 1362 pejora
578 1306 691 1348 sacta
717 1307 892 1349 fuerant
908 1320 1051 1363 usquc
1071 1308 1126 1349 ad
1143 1307 1263 1349 diem
1280 1307 1646 1362 suprascriptam.

87 1376 314 1419 Liberavit
349 1377 486 1419 etiam
520 1378 734 1419 dominus
771 1378 1010 1433 episc-opus
1051 1378 1342 1432 B[ernardus]
1377 1380 1420 1418 et
1459 1377 1655 1419 absolvit

89 1448 278 1491 heredes
311 1449 527 1504 sepedicti
558 1450 606 1491 lt.
642 1450 696 1490 dc
719 1450 884 1491 Sancto
906 1449 1120 1496 Firmino,
1147 1453 1190 1491 et
1208 1452 1379 1492 tutores
1407 1462 1578 1490 eorum.
1611 1451 1655 1490 et

89 1532 160 1562 res
181 1521 445 1562 eorumdem
467 1521 524 1561 ab
545 1520 666 1561 omui
690 1521 880 1568 actione,
912 1521 1143 1576 petitione,
1176 1521 1488 1576 prosecutione
1516 1533 1653 1574 quam

89 1590 186 1646 ipse
216 1591 429 1633 dominus
462 1591 701 1647 episcopus
739 1592 965 1647 predictus
998 1592 1167 1640 facere,
1193 1605 1397 1634 movere.
1435 1592 1654 1633 intentare

89 1664 267 1717 poterat
286 1665 441 1705 contra
462 1663 604 1704 dictos
628 1663 815 1705 heredes
841 1663 1001 1718 prefati
1025 1665 1073 1706 R.
1099 1665 1153 1706 de
1176 1664 1340 1705 Sancto
1365 1661 1578 1709 Firmino,
1611 1665 1652 1704 et

88 1735 262 1775 tutores
292 1735 581 1776 eorumdem.
624 1735 806 1777 nomine
839 1736 1188 1785 obventionum,
1226 1735 1505 1785 reddituum,
1540 1733 1653 1775 fruc-

87 1806 217 1846 tuum
256 1808 573 1860 perceptorum
618 1806 675 1847 at)
715 1806 812 1861 ipso
854 1807 1122 1863 Ra51nundo
1162 1807 1216 1848 de
1255 1808 1417 1848 Sancto
1455 1805 1652 1847 Firmino

86 1876 294 1923 condam,
312 1889 390 1918 seu
413 1876 674 1919 auctoribus
690 1877 911 1919 dictorum
931 1878 1165 1925 heredum,
1189 1891 1268 1919 seu
1289 1878 1346 1919 ab
1364 1876 1451 1918 alio
1471 1876 1652 1917 nomine

87 1960 270 1994 eorum,
309 1948 542 1990 occasione
581 1948 712 1990 hailie
743 1949 876 1990 castri
903 1949 1130 2003 Melgorii,
1171 1961 1381 1991 concesse
1423 1948 1652 2002 quondam

90 2018 345 2061 Raimundo
375 2020 429 2061 de
459 2020 622 2061 Sancto
645 2020 843 2062 Firmino
870 2021 1071 2076 predicto
1098 2035 1125 2063 a
1151 2020 1335 2063 domino
1362 2017 1652 2076 G[uillelmovl,

88 2076 322 2144 quondam
357 2090 568 2146 episcopo
596 2091 907 2146 Magalouensi
947 2092 1171 2147 predicto,
1211 2105 1289 2134 seu
1323 2090 1555 2133 occasione
1590 2089 1654 2144 pi-

88 2161 260 2216 gaoris.

153 2232 315 2276 Omnia
341 2234 648 2289 suprascripta
684 2238 728 2276 et
764 2235 942 2290 singula
977 2235 1302 2277 laudaverunt.
1336 2237 1380 2276 et
1415 2232 1656 2274 confirma-

88 2307 278 2352 verunt,
317 2308 362 2347 et
395 2308 492 2347 rata
526 2305 783 2348 habueruut
813 2307 1026 2348 dominus
1061 2306 1383 2361 B[ernardus],
1416 2303 1654 2359 episcopus

86 2375 330 2432 predictus,
350 2379 395 2418 et
414 2376 718 2431 prenominati
741 2380 912 2419 tutores
934 2378 1032 2419 Bert
1042 2378 1209 2420 raudus
1236 2376 1483 2419 Monachus
1504 2388 1585 2430 pro
1608 2388 1654 2415 se

24 2482 28 2487 .
88 2449 133 2489 et
157 2461 239 2502 pro
267 2448 463 2490 Navarre
495 2447 630 2490 fratre
663 2462 769 2491 suo.
801 2452 845 2490 et
872 2449 1140 2491 Guillelmus
1167 2450 1222 2491 de
1255 2449 1418 2490 Sancto
1439 2446 1651 2492 Firmino,

28 2507 35 2534 7
88 2520 132 2560 et
163 2519 320 2560 Petrus
349 2518 602 2561 Guinelmi.
638 2522 681 2561 et
715 2522 1037 2563 Gaucerandus
1071 2520 1207 2561 frater
1241 2519 1359 2574 ejus,
1385 2521 1429 2560 et
1458 2517 1654 2572 predicta

25 2606 32 2612 ·
88 2589 273 2631 domina
298 2589 554 2636 Guillelma,
580 2604 697 2632 uxor
718 2593 949 2646 quondam
972 2591 1076 2634 dicti
1101 2593 1149 2633 R.
1175 2592 1230 2633 de
1252 2593 1416 2632 Sancto
1437 2587 1650 2630 Firmino.

148 2661 258 2703 Acta
274 2660 455 2703 fuerunt
474 2662 554 2704 hec
575 2665 617 2704 et
636 2662 817 2705 laudata
833 2663 877 2704 in
894 2664 1029 2705 domo
1043 2662 1193 2705 sancti
1208 2661 1400 2717 Spiritus
1417 2661 1471 2702 de
1484 2660 1654 2701 Monte-

89 2732 347 2787 pessulauo,
366 2746 487 2774 auno
501 2733 731 2776 Dominice
750 2734 1072 2776 iucarnationis
1086 2733 1327 2776 millesimo
1343 2730 1652 2773 ducentesimo

0 2828 1 2853 2
54 2817 59 2820 ·
89 2804 249 2845 octavo
277 2803 477 2846 decimo.
513 2804 643 2845 nonis
673 2805 955 2853 novembris,
988 2805 1031 2846 iu
1057 2803 1290 2860 presencia
1320 2805 1363 2844 et
1395 2800 1652 2843 testiuwnis)

0 2875 2 2924 i

90 2872 136 2914 P.
159 2873 330 2916 Belloni
350 2875 568 2918 canonici.
594 2876 642 2917 R.
671 2877 879 2918 Besceda.
905 2876 956 2919 G.
983 2878 1037 2918 de
1060 2876 1218 2931 Rippa,
1239 2872 1437 2915 Guiraldi
1463 2872 1646 2917 Beceda,

137 3027 185 3073 (1)
216 3028 342 3064 Cart.:
366 3028 519 3065 debeat.

218 3098 307 3132 Cart.
331 3099 372 3131 de
391 3100 483 3141 May.
505 3118 544 3124 —-
564 3102 600 3132 T.
623 3101 651 3132 11
1493 3097 1530 3129 13
