2070 3486
988 278 1247 320 -702—

340 377 522 419 minoris
553 376 682 430 precii
718 378 859 415 erant.
892 377 932 415 et
972 374 1120 414 minus
1150 373 1489 420 vendebantur:
1531 376 1573 414 et
1602 374 1663 415 sic
1690 374 1902 417 dominus
1950 372 1953 375 ’

334 449 574 502 episeopus
608 445 938 498 magalonensis
963 445 1112 485 minus
1147 444 1414 485 laudimiuin
1445 447 1488 486 et
1516 445 1658 485 rarius
1685 445 1897 494 habebat,

337 533 421 574 pro
439 534 489 559 eo
518 519 635 572 qnod
663 517 866 571 pluribus
888 519 1015 557 erant
1037 514 1235 570 subjecte
1265 514 1336 555 ille
1356 515 1686 569 possessiones.

397 591 440 631 1⁴31
475 589 590 633 ideo,
628 601 763 629 eausa
798 587 932 642 hujus
966 586 1178 628 circuitus
1207 585 1394 633 vitandi,
1426 589 1469 628 et
1496 587 1602 641 quia
1640 601 1718 642 per
1755 587 1896 630 dictas

334 660 549 702 rationes.
595 662 634 699 et
673 672 846 703 causas,
885 661 929 698 vt
955 657 1096 698 eciam
1138 657 1289 711 plures
1323 657 1434 698 alias
1469 657 1665 699 rationes
1701 658 1893 700 multum

334 731 480 772 visum
510 729 592 771 luis
622 729 727 771 utile
763 732 807 770 et
833 728 1080 783 expediens
1108 727 1301 769 Ecclesie
1329 728 1654 781 Magalolieiisi,
1685 731 1900 772 convenit

331 802 444 843 inter
476 800 711 842 dominum
743 800 958 854 l'[etrum]
997 800 1051 841 de
1086 799 1294 846 Cone-bis,
1331 799 1699 854 Magalonensem
1726 800 1898 855 episco-

330 887 452 928 pum.
479 876 521 914 et
544 872 793 927 predictum
828 872 875 912 B.
902 872 956 912 de
992 871 1137 912 Lausa
1171 870 1595 926 ‹l1·aperium‚quod
1630 871 1725 926 ipse
1760 872 1807 912 B.
1841 873 1896 914 de

331 945 473 985 hansa
494 943 745 995 assignaret
770 942 955 983 domino
984 942 1196 996 episcopo
1224 941 1533 995 Magalonensi
1562 943 1616 983 de
1646 942 1731 983 illis
1758 942 1898 984 usati-

328 1016 404 1061 cis,
440 1028 527 1069 que
563 1014 656 1069 ipse
686 1014 941 1055 Bernardus
970 1028 1051 1054 sno
1082 1013 1263 1054 nomine
1299 1013 1599 1068 percipiebat,
1637 1013 1785 1055 saltim
1813 1027 1895 1055 suo

328 1086 525 1128 nomine.
565 1100 705 1140 usqne
737 1086 791 1126 ad
823 1087 1163 1126 (unicurrelltein
1187 1084 1510 1139 quantitatem,
1537 1085 1704 1127 seilicet
1735 1085 1897 1140 viginti

329 1158 411 1199 tria
433 1157 627 1199 sextaria
655 1159 698 1198 et
720 1156 944 1206 e1nina1n3
970 1156 1124 1210 etipse
1154 1157 1201 1197 B.
1229 1159 1448 1198 etoinnes
1468 1156 1563 1211 ejus
1592 1168 1890 1208 successores,

326 1232 369 1270 et
395 1242 553 1270 omnes
583 1228 895 1283 possessiones
924 1230 967 1269 et.
1000 1227 1153 1269 omnia
1173 1227 1287 1282 jura,
1311 1241 1398 1282 que
1422 1227 1623 1282 possidet
1646 1240 1727 1282 per
1754 1240 1800 1269 se
1822 1227 1895 1270 vel

328 1314 406 1355 per
426 1300 580 1341 alium.
607 1300 677 1341 vel
706 1298 960 1340 infuturum
982 1299 1077 1353 ipse
1098 1299 1146 1340 Β.
1172 1299 1238 1339 vel
1261 1298 1376 1339 alius
1398 1312 1480 1354 pro
1501 1298 1599 1353 ipso
1621 1298 1887 1354 possidebit.

323 1374 476 1413 essent
504 1374 720 1425 perpetuo
751 1370 977 1411 immunes
999 1370 1185 1411 omnino
1213 1384 1237 1411 a
1259 1370 1459 1425 predicto
1488 1369 1659 1412 usatico
1688 1370 1827 1412 ordei.

382 1443 552 1492 Quibus
588 1441 648 1483 sie
678 1441 758 1483 rite
792 1440 1001 1496 peractis.
1043 1455 1125 1495 ego
1154 1440 1356 1496 prefatus
1385 1441 1640 1483 Bernardus
1662 1441 1717 1482 de
1746 1441 1893 1483 Lausa

323 1513 572 1568 ‹li-aperius,
598 1513 742 1567 gratia
763 1512 898 1568 hujus
926 1515 1198 1556 contractus
1226 1512 1320 1554 sive
1342 1512 1690 1568 permutationis
1713 1525 1793 1554 seu
1814 1526 1892 1555 ex-

322 1585 499 1628 cambii.
546 1586 662 1626 bona
696 1584 848 1625 lide...
886 1584 1150 1639 derelinquo
1179 1584 1570 1640 imperpetuum...
1602 1584 1757 1632 vobis,
1786 1597 1887 1639 pre-

323 1655 440 1697 dicto
463 1655 647 1697 domino
674 1654 834 1712 Pletro]
858 1656 913 1697 de
941 1655 1147 1698 Conehis.
1170 1656 1248 1697 Dei
1270 1655 1420 1710 gracia
1440 1655 1751 1710 hflagalonensi
1773 1655 1891 1711 epis-

323 1741 450 1782 copo,
483 1730 526 1768 et
547 1727 881 1769 successoribus
903 1727 1081 1775 vestris,
1121 1729 1177 1769 ad
1207 1741 1366 1769 omnes
1388 1730 1562 1769 vestras
1596 1729 1641 1769 et
1661 1740 1890 1769 successo-

323 1811 422 1840 rum
454 1802 708 1840 vestrorum
738 1798 996 1841 voluntates
1023 1800 1348 1854 quoquomodo
1377 1799 1611 1841 volueritis
1637 1799 1883 1847 faciendas,

321 1869 417 1911 sine
439 1870 590 1925 aliqua
619 1870 875 1912 retencione
908 1884 1011 1912 mea
1040 1871 1109 1912 vel
1142 1884 1364 1919 meorum,
1408 1870 1617 1913 videlicet
1648 1870 1808 1927 viginti
1844 1873 1889 1913 et

323 1941 404 1983 tria
427 1942 623 1984 sextaria
650 1944 693 1983 et
724 1955 862 1983 unam
891 1942 1106 1984 eiminam
1125 1942 1249 1984 ordei
1277 1943 1521 1991 censualia,
1545 1956 1633 1998 que
1659 1943 1887 1984 habebam

320 2016 363 2054 et
382 2013 699 2068 percipiebam,
725 2013 929 2068 quolibet
946 2028 1081 2060 anno.
1101 2014 1147 2055 in
1168 2014 1281 2056 festo
1298 2014 1444 2056 sancti
1458 2014 1577 2056 Petri
1597 2015 1652 2057 de
1673 2015 1882 2069 augusto,

320 2084 362 2125 in
387 2085 633 2127 honoribus
661 2089 705 2127 et
732 2100 811 2141 pro
836 2086 1084 2128 honoribus
1111 2086 1300 2129 inserins
1333 2086 1658 2138 confrontatis;
1689 2086 1767 2142 qui
1788 2086 1887 2143 qui-

320 2156 422 2197 dem
450 2157 643 2198 honores
672 2161 777 2199 sunt
798 2158 842 2199 in
865 2158 1102 2212 parrochia
1124 2158 1274 2200 Sancti
1304 2158 1523 2214 Stephani
1550 2159 1604 2201 de
1632 2157 1882 2214 Bejanicis;

319 2231 363 2269 et
389 2242 475 2283 que
498 2228 632 2270 michi
659 2243 739 2284 pro
760 2229 930 2271 eisdem
959 2230 1225 2277 honoribus,
1259 2230 1441 2272 nomine
1468 2229 1640 2278 usatici‚
1666 2229 1838 2272 fiebant
1857 2243 1885 2272 a

318 2300 524 2354 personis
546 2300 856 2356 infrascriptis.

373 2370 573 2420 Quorum
602 2372 759 2426 viginti
802 2373 935 2414 trium
974 2373 1275 2415 sextariorum
1312 2376 1356 2415 et
1392 2373 1541 2415 emine
1579 2371 1685 2415 facit
1717 2375 1762 2415 et
1787 2373 1879 2421 dat,

319 2442 459 2483 lacere
488 2445 532 2484 et
558 2445 662 2485 dare
692 2445 826 2485 debet
859 2444 1101 2486 Guiraldus
1136 2445 1397 2487 Maltendict
1431 2445 1522 2486 duo
1551 2444 1763 2493 sextaria,
1803 2457 1902 2504 pro·

317 2514 511 2567 quadani
550 2514 671 2568 peeia
721 2514 874 2564 vinee,
915 2529 1002 2570 que
1040 2515 1353 2557 confrontatur
1388 2529 1446 2558 ex
1480 2528 1572 2557 una
1616 2517 1742 2570 parte
1780 2527 1882 2556 cum

316 2585 485 2626 honore
518 2586 661 2627 l‘oneii
687 2587 983 2633 ‹le'l'errallQ
1007 2590 1050 2628 et
1077 2601 1133 2628 ex
1169 2587 1252 2629 alia
1284 2590 1410 2642 parte
1437 2601 1540 2629 cum
1568 2586 1762 2629 carreria
1792 2598 1883 2642 qua

318 2656 406 2697 itur
433 2658 486 2698 de
519 2657 737 2712 Bejanicis
760 2659 816 2699 ad
838 2658 1102 2700 Terrallum.

376 2727 484 2769 Item
510 2728 667 2770 Petrus
695 2729 889 2771 Roncelli
917 2729 1185 2784 pellicerius,
1214 2733 1302 2772 tres
1324 2730 1498 2772 eminas
1524 2743 1605 2785 pro
1634 2729 1723 2772 alia
1754 2728 1881 2784 pecia

314 2798 458 2847 vinee,
492 2813 580 2855 qne
612 2799 924 2843 confrontatur
950 2815 1007 2843 ex
1046 2816 1135 2843 una
1167 2805 1292 2857 parte
1326 2815 1427 2843 cum
1468 2802 1639 2843 honore
1675 2800 1878 2855 Hugonis

314 2870 529 2919 Rotberti‚
553 2884 607 2912 ex
630 2871 719 2914 alia
739 2875 862 2927 parte
879 2886 980 2914 cum
1000 2873 1169 2915 honore
1192 2873 1405 2915 Bernardi
1424 2874 1478 2915 de
1498 2872 1728 2927 Melgorio,
1755 2874 1799 2914 et
1818 2885 1876 2914 ex

312 2941 399 2983 alia
418 2945 542 2998 parte
561 2956 663 2985 cum
692 2943 901 2986 carreria.
