2070 3486
1 1445 31 1692 *fragm-sui>
4 1383 37 1427 ,ᾗ
4 1274 38 1368 ’ἱὶῒιο-
4 1239 7 1242 “
7 1198 10 1220 ⁴·

0 1750 3 1755 -
0 1698 16 1739 μ’.

1 2738 17 2760 '1
0 2477 26 2727 rff'mwlfi
0 2420 17 2465 ·⁴.·»
0 2308 17 2411 ›il—‘amhn
6 2285 16 2293 a
16 1927 20 1929 ,
19 1886 24 1890 v
0 1816 23 1876 134)
0 1758 23 1802 „‘„.
13 1723 22 1745 ,-

0 3071 22 3486 Μῄ-(ᾹἎ-
0 2921 16 3054 κων-’,α
0 2799 19 2899 ωηο
0 2771 12 2782 ι

857 291 1119 334 -333-

263 387 320 429 Ut
352 388 504 428 autem
541 385 695 428 omnia
728 386 986 442 supradicta
1021 387 1377 442 adimpleantur,
1414 389 1457 428 et
1493 387 1684 430 Ecclesie
1724 391 1768 430 et

204 457 297 513 regi
328 457 506 513 plenius
542 457 861 502 observentur.
900 459 1071 501 tradet..
1110 472 1191 513 pro
1231 457 1467 499 securitate
1505 458 1696 501 Ecclesie
1724 462 1766 501 et

203 528 320 583 regis
353 528 398 570 in
427 527 638 570 manibus
675 527 816 582 regis.
861 531 1056 570 castrum
1086 529 1401 575 Narbonense,
1440 530 1559 583 quod
1598 530 1765 571 tenebit

204 612 283 641 rex
311 612 453 654 usque
493 599 549 640 ad
586 599 886 642 decennium:
933 603 973 640 et
1020 599 1190 641 muniet
1215 599 1278 652 (l)
1319 602 1362 640 et
1403 598 1683 643 inforciabit.
1729 601 1765 641 si

202 669 354 712 visum
375 670 507 712 fuerit
527 670 756 725 expedire.

260 741 371 783 Item
401 742 545 783 tradet
564 741 672 795 regi,
698 754 778 795 pro
806 730 1043 783 securitate
1066 741 1256 783 Ecclesie
1275 744 1319 783 et
1339 741 1471 795 regis.
1501 745 1633 796 caput
1661 742 1764 785 Cas-

202 810 383 858 trinovi,
413 814 548 866 caput
573 811 707 853 castri
729 811 891 857 Vauri,
917 815 1114 854 castrum
1141 814 1196 853 de
1225 813 1531 854 Montecucco.
1566 814 1762 855 l‘ennam

200 883 256 925 de
282 882 521 939 Agenesio,
555 883 759 937 Ruppem
797 883 993 930 l’erucie,
1028 886 1225 925 castrum
1262 883 1316 924 de
1345 882 1534 926 Coi-dua.
1567 887 1762 926 castrum

200 954 255 996 de
287 955 515 1002 Verduno,
547 957 742 996 castrum
771 955 825 996 de
855 953 1123 999 Villanovaz
1165 957 1208 996 et
1237 955 1460 1009 usquead
1497 955 1762 997 decennium

199 1026 370 1068 tenebit
396 1026 501 1080 [ea],
532 1025 593 1067 ita
620 1027 757 1080 quod,
789 1026 946 1080 primis
977 1027 1011 1066 V
1035 1026 1181 1069 annis.
1215 1026 1360 1067 solvet
1381 1026 1500 1068 idem
1532 1025 1760 1082 l{[aimnn-

199 1095 299 1154 dus]
327 1097 419 1151 regi
456 1111 536 1152 pro
578 1096 792 1152 expensis
821 1097 1076 1141 custodum.
1109 1097 1310 1152 quolibet
1348 1110 1482 1139 anno.
1516 1097 1596 1138 MD
1625 1098 1761 1140 libras

198 1168 529 1214 turonensium,
561 1181 650 1210 non
677 1168 950 1223 computatis
980 1168 1022 1209 in
1053 1168 1137 1210 hiis
1168 1169 1221 1209 Vl
1252 1168 1449 1210 millibus
1478 1170 1761 1211 marcharum

198 1239 496 1295 supradictis:
528 1239 573 1280 in
594 1228 757 1281 aliis‘v
783 1239 930 1281 annis.
957 1240 994 1281 si
1022 1239 1214 1281 voluerit
1243 1253 1321 1281 rex
1340 1243 1507 1285 tenere,
1536 1240 1661 1282 saciet
1686 1255 1763 1282 ex-

197 1310 351 1366 pensis
376 1310 570 1366 propriis
596 1310 810 1352 custodiri
841 1324 947 1352 rex:
979 1313 1130 1352 tamen
1168 1311 1345 1365 poterit.
1378 1311 1414 1352 si
1444 1311 1657 1365 placuerit
1688 1311 1760 1352 Ec-

197 1382 330 1424 clesie
357 1385 401 1424 et
428 1381 534 1436 regi,
571 1382 747 1424 diruere
776 1382 830 1423 de
860 1381 1069 1436 predictis
1098 1382 1153 1423 IV
1181 1385 1348 1428 castra,
1381 1382 1588 1424 videlicet
1615 1383 1759 1437 capud

196 1453 329 1496 castri
349 1453 503 1499 Vauri,
529 1454 675 1507 capud
702 1452 970 1499 Castrinovi,
998 1453 1298 1494 Villamurum
1327 1456 1369 1495 et
1390 1453 1652 1495 Verdunum
1675 1469 1681 1496 :
1716 1456 1759 1495 et

196 1527 381 1580 propter
407 1525 490 1566 hoc
526 1538 615 1566 non
643 1524 922 1566 diminuetur
948 1525 1148 1579 predicta
1176 1537 1354 1566 summa
1390 1525 1478 1565 MD
1507 1525 1759 1579 [librarum]

198 1596 526 1638 turonensium.

256 1667 472 1710 Redditus
517 1670 561 1709 et
604 1670 853 1723 proventus
897 1670 1172 1709 castrorum.
1220 1671 1264 1709 et
1304 1667 1456 1709 omnia
1501 1681 1614 1722 que.
1663 1668 1760 1723 jure

195 1738 399 1786 dominii,
442 1738 763 1794 percipiuntur.
809 1742 941 1780 erunt
976 1738 1118 1793 ipsius
1154 1737 1456 1795 R[aimundi]:
1503 1742 1546 1780 et
1589 1752 1666 1781 rex
1703 1741 1758 1781 ad

195 1813 404 1866 sumptus
432 1823 539 1852 suos
567 1810 736 1852 tenebit
764 1810 910 1865 capita
937 1814 1186 1852 castrorum
1214 1813 1257 1852 ct
1284 1810 1536 1853 Corduam:
1577 1813 1619 1851 et
1641 1810 1759 1851 idem

195 1881 512 1936 R[aimundus]
543 1882 729 1923 habebit
756 1881 946 1923 ballivos
974 1895 1095 1928 suos,
1130 1896 1218 1923 non
1247 1885 1480 1937 suspectos
1502 1881 1695 1923 Ecclesie
1717 1885 1761 1924 et

194 1952 302 2009 regi.
327 1953 404 2008 qui
427 1952 589 1995 facient
617 1951 854 2008 justiciam
879 1953 1155 1999 hominibus,
1182 1956 1223 1994 et
1251 1953 1467 2008 recipient
1493 1953 1694 1995 redditus
1716 1956 1759 1995 et

196 2027 442 2079 proventus
460 2024 699 2079 predictos.
727 2025 830 2066 Post
851 2024 1118 2066 decennium
1137 2028 1288 2066 autem
1315 2025 1522 2067 restituet
1543 2038 1622 2066 rex
1641 2024 1758 2067 dicta

193 2095 340 2151 capita
365 2098 613 2138 castrorum
643 2098 686 2137 et
713 2095 936 2137 Corduam
965 2096 1084 2136 dicto
1116 2095 1406 2151 l{[aimundo]
1439 2095 1592 2137 libere.
1620 2096 1756 2137 salvis

193 2166 526 2209 conditionibus
548 2167 832 2222 supradictis.
865 2167 900 2208 si
930 2166 1128 2221 predicta
1149 2167 1316 2212 omnia.
1342 2170 1563 2222 quantum
1597 2167 1653 2208 ad
1683 2167 1759 2207 Ee-

193 2237 373 2280 clesiam
397 2240 440 2279 et
468 2251 634 2292 regem,
662 2237 843 2280 fuerunt
864 2239 1119 2279 observata.

253 2309 451 2350 Pennam
479 2311 631 2350 autem
659 2309 714 2351 de
743 2308 970 2363 Albigesio
995 2309 1137 2350 tradet
1166 2309 1295 2364 [regi]
1320 2308 1434 2350 infra
1455 2309 1671 2351 kalendas
1692 2309 1754 2358 ‹2›

190 2380 370 2434 augusti
392 2380 639 2436 proximas
671 2394 772 2422 Cum
799 2380 899 2421 aliis
925 2380 1082 2422 castris
1109 2380 1398 2422 detinendam
1427 2394 1452 2422 a
1480 2394 1582 2435 rege
1612 2394 1754 2435 usque

191 2451 247 2493 ad
280 2451 563 2494 decennium.
602 2451 647 2492 si
685 2465 789 2493 vero
827 2451 948 2493 illam
985 2453 1149 2494 habere
1189 2465 1275 2492 non
1318 2451 1481 2505 poterit
1520 2464 1662 2506 usque
1698 2452 1754 2493 ad

193 2522 436 2564 terminum
473 2522 625 2564 illum.
662 2536 719 2564 ex
750 2525 853 2564 tunc
881 2522 1077 2564 obsideri
1112 2521 1243 2565 faciet
1276 2524 1316 2564 et
1355 2522 1506 2563 vivam
1545 2536 1752 2575 guerram

192 2592 304 2635 fieri.
332 2593 503 2636 tamdiu
531 2607 767 2649 quousque
796 2593 938 2649 ipsam
968 2594 1133 2635 habeat
1157 2608 1165 2639 ς
1196 2607 1276 2635 nec
1298 2607 1453 2648 pacem
1478 2594 1546 2635 vel
1576 2597 1754 2648 treugas

191 2663 323 2706 faciet
342 2677 443 2707 cum
464 2664 561 2720 ipso
583 2665 659 2720 qui
683 2667 803 2707 tenet
824 2678 923 2707 eam
946 2665 1015 2707 vel
1036 2664 1219 2712 tenebit,
1242 2666 1383 2707 donec
1401 2665 1547 2719 ipsam
1570 2665 1748 2706 habeat.

238 2783 286 2827 (1)
316 2782 441 2819 Cart.:
463 2782 695 2818 decennium
735 2781 854 2817 blanc
876 2781 923 2818 de
946 2781 967 2817 Ξ)
988 2785 1109 2817 cent.¹
1134 2784 1166 2817 et
1188 2782 1427 2826 insert-iabit.

238 2841 284 2887 (2)
316 2842 368 2878 Le
393 2842 623 2879 Cartalam-e
641 2846 759 2888 porte
775 2852 910 2876 nonas.
931 2842 1043 2876 Nous
1063 2841 1237 2876 suivons
1255 2840 1292 2877 la
1315 2841 1428 2885 leg-on
1449 2840 1516 2887 qui
1539 2850 1581 2875 se
1601 2844 1748 2875 trouve

188 2899 292 2936 dans
315 2900 350 2936 le
372 2899 494 2936 traite
512 2899 560 2935 de
581 2899 689 2947 paix.
714 2899 945 2938 D‘ailleurs,
962 2899 1054 2946 plus
1074 2899 1162 2937 bas.
1177 2899 1212 2935 le
1227 2899 1454 2936 cartulaire
1473 2902 1589 2946 porte
1612 2899 1748 2933 hulme-

187 2958 278 2995 das.
