2070 3486
201 447 310 489 Item
333 447 561 488 dixerunt.
596 450 852 492 statuerunt
879 451 921 489 et
951 448 1271 489 ordinaverunt
1296 448 1433 503 quod,
1462 447 1503 488 in
1527 447 1704 502 signum

144 517 326 558 lionoris
361 521 403 558 et
442 518 694 558 reverencie
731 518 958 572 preposito
993 521 1035 558 et
1062 518 1257 572 capitulo
1293 518 1702 571 Magalonensibus,

145 591 378 643 preceptor
410 593 452 630 et
487 589 659 631 tratres.
697 589 739 630 in
771 589 888 630 (licto
924 589 1131 643 hospitali
1165 591 1218 631 ‹le
1253 589 1435 631 leolla
1460 592 1701 631 morantes.

148 673 226 715 pro
252 672 404 701 annuo
434 674 586 706 censu,
621 660 661 700 in
697 660 814 701 dicto
844 659 956 701 testo
980 660 1213 701 beatorum
1243 660 1551 715 ap‹‘›st‹‘›lorum
1592 659 1705 701 l'etri

145 733 189 772 et
218 731 356 777 l'auli,
389 731 567 773 solvant
590 734 805 786 perpetuo
833 734 875 772 et
897 731 1071 772 solvere
1096 734 1331 772 teneantur
1353 744 1493 773 unum
1516 744 1704 772 aureum

145 802 397 844 annuatim.

204 873 312 914 ltem
335 872 563 917 dixerunt.
587 875 841 914 statuerunt
862 875 902 913 et
926 873 1244 914 ordinaverunt
1265 874 1402 928 quod,
1423 874 1477 914 (le
1493 873 1706 914 omnibus

145 942 362 985 fructibus
390 943 730 998 possessionum
751 956 864 998 quas
897 944 1029 984 modo
1058 943 1193 984 habet
1215 944 1382 984 (lictum
1408 943 1629 998 hospitale
1650 944 1704 984 (le

139 1014 338 1062 Codolla,
366 1014 434 1056 vel
465 1014 508 1055 in
539 1014 740 1056 l'uturum
764 1014 807 1055 in
839 1017 931 1056 toto
960 1014 1222 1069 episcopatu
1253 1014 1576 1068 Magalcmensi.
1609 1014 1703 1054 sive

140 1085 257 1128 culte
279 1085 370 1127 sint
388 1085 483 1126 sive
503 1085 721 1140 [inculte],
741 1089 784 1127 et
805 1085 946 1127 eciam
963 1087 1017 1126 ‹le
1036 1085 1274 1127 novalibus
1290 1099 1390 1126 rum
1408 1086 1462 1126 ad
1481 1085 1701 1126 culturam

141 1157 433 1199 devenerint.
478 1156 573 1199 sive
613 1157 806 1212 propriis
849 1157 1059 1198 manibus
1100 1159 1143 1197 et
1181 1156 1438 1211 sumptibus
1475 1156 1699 1198 excolant.

142 1228 238 1270 sive
260 1241 374 1279 non;
405 1231 449 1270 et
481 1230 535 1270 «le
569 1229 694 1272 ortis.
726 1232 770 1270 et
797 1228 1085 1270 nutrimentis
1113 1228 1394 1270 animalium.
1421 1231 1463 1268 et
1490 1227 1702 1268 omnibus

140 1299 240 1341 aliis
255 1303 299 1342 et
320 1300 508 1355 singulis
525 1303 639 1342 terre
655 1300 959 1346 nascentibus,
979 1299 1177 1341 decimus
1193 1302 1237 1340 et
1254 1298 1478 1353 primicias
1495 1299 1697 1340 reddant.

141 1369 334 1418 solvant,
361 1370 534 1412 solvere
557 1373 601 1412 et
621 1372 806 1412 reddere
831 1372 1082 1418 teneantur,
1108 1369 1305 1411 ecclesiis
1327 1369 1697 1423 parrochialibus

141 1440 185 1482 in
212 1454 404 1496 quarum
434 1442 679 1497 parrochiis
708 1442 1019 1496 possessiones
1047 1444 1090 1483 et
1116 1441 1203 1482 alia
1233 1441 1411 1482 luerunt
1439 1440 1696 1484 constituta.

139 1525 228 1554 non
250 1513 537 1555 obstantibus
552 1513 780 1568 aliquibus
804 1512 1063 1568 privilegiis.
1084 1512 1395 1565 indulgentiis.
1425 1511 1581 1553 litteris
1603 1511 1700 1566 qui-

140 1584 436 1639 buscumque,
480 1585 734 1639 specialiter
769 1588 847 1626 aut
884 1583 1153 1637 generaliter
1195 1582 1446 1637 impetratis
1483 1585 1526 1624 et
1561 1582 1700 1637 impe-

140 1655 333 1703 trandis⁹
368 1655 533 1697 habitis
570 1656 634 1697 vel
672 1655 908 1701 habendis.
949 1655 1133 1697 indultis
1158 1654 1224 1695 vel
1255 1654 1555 1707 indulgentiis,
1581 1654 1698 1695 (licto

106 1723 108 1725 ’
137 1725 347 1781 hospitali
387 1740 466 1769 seu
500 1727 646 1769 ordini
679 1727 883 1769 Fratrum
918 1727 1170 1781 l‘auperum
1200 1725 1349 1767 Sancti
1380 1725 1560 1767 Antonii
1589 1726 1698 1780 dyo-

137 1796 251 1839 cesis
277 1797 562 1841 Viennensis.

194 1869 399 1911 Preterea
420 1870 648 1926 dixerunt,
665 1872 917 1912 statuerunt
936 1872 979 1911 et
999 1869 1323 1911 ordinaverunt
1344 1868 1465 1922 quod
1485 1867 1698 1922 magister

134 1943 177 1982 et
196 1939 354 1982 tratres
383 1941 620 1996 hospitalis
642 1941 792 1983 sancti
815 1940 1014 1984 Antonii.
1034 1939 1225 1982 diocesis
1248 1939 1531 1986 Viennensis,
1555 1952 1693 1980 unum

131 2011 377 2054 oratorium
405 2015 576 2054 tantum
602 2013 813 2058 habeant,
846 2015 890 2054 et
912 2025 999 2053 non
1029 2012 1160 2058 ultra,
1191 2011 1234 2051 in
1266 2013 1359 2053 toto
1387 2009 1693 2065 Magalonensi

131 2083 408 2139 episcopatu,
437 2083 643 2126 videlicet
671 2084 869 2140 predicto
899 2083 1109 2138 hospitali
1137 2084 1191 2124 ‹le
1219 2082 1405 2123 Codolla
1432 2081 1693 2133 contiguum

131 2157 174 2196 et
195 2155 507 2210 conjunctum2
532 2155 574 2196 in
597 2169 687 2210 quo
707 2168 886 2210 semper
905 2155 1068 2197 babere
1087 2153 1261 2209 possint
1282 2154 1396 2195 duos
1419 2153 1690 2199 sacerdotes,

132 2225 292 2268 fratres
327 2226 430 2268 dicti
465 2226 702 2282 hospitalis
730 2227 881 2268 Sancti
905 2226 1085 2268 Antonii
1108 2240 1115 2271 ;
1141 2228 1186 2267 et
1206 2224 1241 2265 si
1266 2224 1424 2266 tratres
1447 2237 1534 2264 non
1559 2224 1695 2265 babe-

132 2300 244 2345 rent,
276 2297 450 2353 possint
476 2298 642 2339 habere
676 2297 788 2339 alios
825 2299 938 2339 (luos
976 2310 1064 2338 non
1101 2296 1284 2341 iratres,
1326 2298 1369 2337 et
1406 2309 1494 2336 non
1524 2294 1687 2349 plures.

133 2367 455 2410 Verumtamen
498 2369 753 2410 sacerdotes
794 2368 988 2410 viatores
1030 2367 1203 2423 possint
1241 2366 1296 2407 ibi
1345 2365 1499 2407 ‹livina
1545 2364 1694 2407 ol't'icia

130 2439 370 2481 celebrare.
402 2439 666 2482 Oblaciones
698 2453 801 2481 vero
829 2442 873 2481 et
902 2439 1050 2494 vigilie
1072 2452 1160 2494 que
1182 2438 1329 2480 oblate
1356 2437 1519 2479 luerint
1544 2436 1688 2483 altari,

131 2524 209 2552 seu
233 2510 437 2553 ministro
456 2511 560 2553 dicti
580 2511 777 2557 oratorii,
810 2511 980 2565 integre
1008 2511 1176 2552 dictum
1206 2509 1428 2564 hospitale
1459 2509 1622 2549 babeat
1649 2511 1693 2550 et

129 2582 463 2638 imperpetuum
484 2582 714 2637 percipiat.
734 2583 778 2624 in
800 2583 966 2638 quibus
989 2581 1322 2635 Magalonensis
1344 2579 1537 2621 Ecclesia
1556 2578 1687 2619 nichil

129 2653 333 2701 habebit,
369 2654 568 2709 exceptis
606 2654 691 2695 hiis
734 2667 821 2709 que
853 2653 1038 2696 sacrista
1071 2656 1114 2694 et
1142 2654 1403 2707 procurator
1435 2649 1689 2691 communis

128 2738 282 2767 mense
333 2725 665 2780 Magalonensis
717 2725 881 2768 habere
930 2726 1265 2766 coi‘isueverunt
1317 2723 1359 2764 in
1400 2721 1686 2763 ecclesiarum

128 2796 541 2838 consecrationibus
568 2800 611 2839 et
636 2797 805 2839 altaris.

188 2867 297 2909 Item
326 2868 445 2922 quod
474 2868 643 2910 (lictum
671 2868 893 2923 hospitale
923 2869 1086 2910 babeat
1116 2870 1291 2909 tantum
1330 2864 1598 2906 cimiterium
1631 2863 1685 2904 ad

128 2951 242 2993 opus
265 2938 451 2980 fratrum
475 2939 578 2980 dicti
602 2939 836 2993 hospitalis
864 2940 918 2980 ‹le
947 2939 1145 2983 Conona,
1178 2937 1381 2979 habitum
1408 2933 1684 2989 portam-ium

126 3010 274 3052 snm-ti
307 3010 483 3052 Antonii
518 3012 794 3065 l’nupcrum.
834 3014 876 3052 et
905 3010 1244 3065 peregrinorum
1275 3007 1438 3048 ibidem
1469 3005 1685 3047 deceden-
