2070 3486
1008 183 1267 225 -824—

355 295 453 322 vum
485 280 696 321 omnihus
723 279 898 334 juribus
926 282 969 320 et
997 279 1279 334 pertinentiis
1320 278 1436 325 suis,
1475 291 1562 333 que
1600 292 1626 319 a
1663 277 1827 319 Poncio
1865 278 1919 319 dc

355 353 538 397 Nozcto,
567 351 705 391 milite
737 352 791 391 de
823 350 1022 398 Lunello,
1052 350 1197 391 (lictus
1228 353 1353 404 pater
1382 363 1508 390 meus
1536 348 1646 390 emit
1673 352 1717 389 et
1745 348 1916 396 habuit,

355 426 392 463 cl
431 424 549 477 quod
588 423 722 462 modo
757 434 839 475 ego
874 422 1019 462 haheo
1047 425 1091 463 et
1120 424 1265 469 tenco,
1304 421 1348 461 in
1383 419 1616 475 parrochia
1643 419 1792 461 Sancti
1814 419 1922 461 Vin-

353 493 490 534 cencii
519 495 572 534 dc
603 493 873 534 Salvinacho
902 506 981 534 seu
1003 494 1057 534 dc
1081 492 1263 534 Perolis.

417 565 485 605 list
513 567 660 605 tamen
686 563 918 605 sciendum
942 564 1062 618 qnod
1086 577 1167 618 ego
1191 576 1376 618 possum
1400 563 1553 610 libere,
1585 562 1680 603 sinc
1703 564 1854 603 vestro
1875 563 1920 603 et

356 639 607 678 vestrorum
649 648 959 677 successorum
997 635 1208 682 consilio,
1257 634 1474 676 laudimio
1520 637 1564 675 ct
1602 633 1915 688 requisicione,

354 706 615 761 mciqnc(l)
652 719 960 748 successores.
1004 707 1173 748 dictum
1216 706 1400 748 feudum
1443 708 1671 753 tenentes,
1708 706 1923 759 poterunt

353 778 572 821 similiter,
599 779 653 819 dc
678 777 810 819 leudo
832 780 876 819 et
902 777 947 818 in
977 778 1110 819 leudo
1134 777 1348 833 predicto.
1375 778 1481 818 dare
1500 777 1544 817 in
1566 776 1818 831 accapitum
1841 788 1921 818 seu

354 851 395 891 in
418 849 754 904 emphiteosim,
786 863 889 890 cum
916 849 1206 904 appositione
1238 863 1317 891 scu
1353 848 1607 890 retencione
1637 847 1794 889 usatiei
1824 847 1921 889 sive

353 934 530 966 census,
564 920 673 961 mihi
702 921 837 962 dandi
866 924 909 962 et
937 920 1064 967 meis,
1100 920 1396 966 laudationes,
1430 918 1719 961 vendiciones
1739 921 1783 960 et
1808 918 1921 960 alios

352 995 607 1034 contractus
641 992 715 1047 qui
751 994 793 1033 et
828 1005 913 1047 que
943 992 1123 1034 exinde.
1162 992 1275 1033 sicut
1304 992 1347 1032 in
1377 991 1542 1046 quihus
1571 990 1685 1032 solet
1711 993 1756 1031 et
1787 991 1922 1032 debet

354 1063 620 1105 laudimium
649 1063 869 1112 adhiberi,
908 1063 1097 1118 ipsaque
1142 1063 1359 1104 laudimia
1396 1062 1624 1117 percipere
1659 1064 1702 1103 et
1735 1062 1916 1108 hahere,

354 1136 423 1176 vel
451 1135 670 1176 honorem
700 1148 779 1176 seu
807 1135 994 1176 feudum
1024 1135 1259 1176 venditum
1290 1148 1368 1189 pro
1397 1133 1548 1175 oblato
1576 1133 1725 1188 precio
1749 1132 1919 1175 ratione

352 1206 540 1248 dominii
562 1207 770 1255 retinere,
796 1220 847 1248 ac
867 1206 1009 1248 eciam
1032 1206 1075 1247 in
1100 1207 1162 1261 (2)
1191 1206 1486 1247 commissum
1511 1205 1764 1253 vendicare,
1797 1204 1849 1253 si,
1875 1204 1919 1245 in

353 1278 582 1320 solucione
611 1278 769 1320 usatici
798 1279 892 1320 sive
914 1292 1091 1320 census.
1116 1292 1196 1333 per
1217 1280 1386 1320 statuta
1409 1280 1614 1332 tempora
1641 1278 1916 1323 cessaretur:

353 1362 527 1390 necnon
564 1352 609 1391 et
634 1362 820 1391 censum
854 1363 905 1391 ac
937 1349 1107 1391 usatica
1149 1352 1325 1403 petere.
1369 1348 1567 1403 recipere
1606 1350 1650 1389 et
1688 1349 1920 1389 servatum

350 1420 460 1475 juris
489 1421 694 1462 ordinem
731 1421 993 1468 cohercere,
1035 1434 1086 1462 ac
1111 1420 1200 1462 alia
1228 1419 1371 1461 lacere
1400 1432 1515 1474 que,
1548 1419 1593 1460 in
1622 1418 1756 1460 l'eudo
1790 1420 1835 1460 et
1866 1418 1920 1460 de

355 1492 486 1533 l'cudo
524 1492 614 1539 tali,
651 1491 797 1534 solent
829 1494 873 1533 et
899 1492 1066 1533 debent
1092 1491 1189 1533 fieri
1212 1494 1256 1533 et
1282 1490 1496 1538 exerceri,
1523 1490 1649 1532 salvo
1678 1502 1857 1544 semper
1877 1491 1922 1530 et

352 1566 526 1605 retento
572 1563 702 1605 vohis
748 1567 792 1605 et
835 1563 999 1605 vestris
1051 1563 1418 1610 successorihus,
1450 1561 1672 1609 dominio,
1712 1559 1916 1608 consilio,

353 1637 397 1676 et
429 1634 663 1677 laudimio.
698 1635 743 1676 in
775 1635 860 1676 hiis
892 1638 937 1676 et
966 1649 1102 1690 super
1131 1635 1218 1676 hiis
1250 1648 1352 1689 que,
1385 1634 1429 1674 in
1461 1633 1594 1675 leudo
1617 1632 1687 1674 vel
1708 1633 1763 1674 de
1787 1631 1920 1674 feudo

352 1706 578 1761 predicto,
615 1720 638 1747 a
677 1720 749 1748 me
785 1707 856 1747 vel
896 1706 1007 1748 meis
1043 1706 1349 1748 alienarentur
1395 1705 1580 1746 omnino
1626 1704 1723 1746 sine
1768 1703 1922 1759 aliqua

354 1777 619 1820 retentione.
1913 1817 1917 1822 .

412 1848 579 1890 Verum
610 1863 690 1904 pro
725 1848 858 1891 feudo
885 1848 1146 1904 hujusmodi
1180 1862 1278 1903 ego,
1316 1848 1461 1890 dictus
1491 1849 1557 1894 R,
1592 1847 1710 1889 daho
1744 1849 1789 1889 et
1814 1846 1919 1888 dare

354 1923 521 1963 teneor.
560 1924 603 1962 et
641 1921 727 1962 mei
764 1921 984 1966 similiter,
1017 1921 1187 1963 dictum
1212 1920 1396 1962 feudum
1427 1922 1647 1967 tenentes,
1679 1918 1853 1960 dabunt
1878 1920 1922 1959 ct

352 1992 458 2033 dare
480 1993 769 2034 tenebuntur.
803 1993 932 2034 vohis
963 1996 1006 2034 ct
1028 1993 1190 2034 vestris
1218 1992 1554 2033 successorihus
1581 1991 1695 2032 duos
1722 2002 1920 2045 capones

354 2063 395 2104 iu
428 2063 724 2119 carniprivio,
763 2064 952 2119 singulis
987 2065 1146 2108 annis,
1185 2064 1227 2105 in
1265 2064 1350 2104 illis
1382 2064 1623 2105 dumtaxat
1666 2062 1712 2103 in
1754 2060 1920 2116 quibus

354 2134 519 2176 fuerint
542 2135 765 2190 requisiti.
797 2135 858 2177 ita
880 2136 1001 2190 quod
1024 2137 1078 2177 de
1097 2135 1228 2177 annis
1250 2135 1416 2190 quihus
1438 2148 1528 2175 non
1552 2133 1818 2189 requiretur,
1838 2145 1920 2187 ego

353 2206 423 2247 vel
442 2205 530 2247 mei
547 2205 1009 2249 minimeteneantur:
1029 2220 1109 2248 nec
1130 2209 1312 2261 propter
1326 2205 1624 2247 cessationem
1639 2202 1915 2259 hujusmodi,

354 2291 440 2332 quc
482 2277 576 2319 sine
614 2278 905 2333 requisitione
949 2278 1109 2325 lieret,
1163 2279 1293 2320 eadat
1345 2277 1529 2319 feudum
1575 2274 1837 2331 hujusmodi
1876 2273 1921 2315 in

354 2348 618 2392 comissum.
1770 2394 1775 2398 ,

411 2420 464 2462 Et
485 2434 566 2462 nos
597 2421 893 2469 Guillelmus,
937 2421 1225 2463 miseratione
1259 2421 1414 2462 divina
1449 2419 1689 2475 episcopus
1724 2417 1922 2472 Magalo-

353 2491 521 2540 nensis,
553 2495 811 2548 presentem
849 2493 1199 2545 recognitionem
1228 2495 1402 2548 gratam
1432 2494 1475 2533 et
1508 2494 1653 2533 ratam
1680 2490 1916 2538 habentes,

402 2677 449 2719 tl)
481 2678 605 2713 Cart.:
642 2688 830 2713 mearum.
870 2699 912 2702 a
951 2679 1065 2713 Nous
1100 2689 1149 2714 ne
1185 2680 1396 2719 retenons,
1429 2686 1591 2712 comme
1625 2673 1674 2710 de
1708 2676 1917 2717 coutume,

354 2736 493 2783 quand
515 2747 620 2772 nous
643 2736 838 2784 puhlions
862 2737 895 2772 le
918 2748 1005 2782 reg.
1038 2740 1079 2781 (j,
1104 2749 1182 2784 quo
1216 2738 1273 2773 les
1307 2736 1518 2773 variantes
1549 2735 1606 2770 les
1628 2734 1722 2782 plus
1743 2733 1921 2769 interes-

357 2798 513 2832 santes.

406 2843 451 2901 (L'l
483 2857 607 2892 Cart-t
633 2868 714 2891 nstv.
