2070 3486
758 363 809 367 -
845 338 930 378 (ῑεῦ
964 363 1017 368 -

105 429 281 485 aprilis,
318 430 529 471 dominus
568 431 792 472 Deodntus
823 433 876 473 (1(Ι
905 431 1166 478 tianithaw,
1199 433 1411 473 mandate
1448 435 1488 473 ct
1518 435 1669 474 nnete-

106 501 234 543 ritate
272 501 453 542 domin«¹
490 501 767 557 lieiysntndt.
808 502 895 544 sitim
923 505 1151 557 quondan}
1189 503 1349 543 nobitis
1378 503 1455 544 viri
1495 503 1665 552 doniin³

107 572 361 628 Raymundi
401 573 454 613 de
496 573 743 616 {tot-ut'etio.
794 577 837 615 ct
881 574 1021 615 eciam
1066 574 1161 628 ipsa
1201 574 1383 615 doininn
1424 574 1668 616 Hetisnbclt

107 645 313 698 presente
342 646 385 684 et
411 643 740 691 consenciente,
773 645 900 699 peciit
930 658 956 686 a
982 645 1164 686 domino
1188 645 1439 687 ltninlundo
1468 646 1583 687 Petri
1615 646 1667 688 de

106 714 338 769 Agantico.
362 713 543 755 nomine
571 714 685 756 dicte
714 716 894 757 doniine
924 716 1183 771 llelysnlwlt
1204 719 1247 757 et
1268 716 1668 771 doniinijlugonis

103 784 280 826 comitis
303 784 620 828 Ruthenensis.
656 786 735 826 viri
771 787 885 828 ‹cliete
908 787 1088 828 domine
1119 787 1391 841 llelysnbelt‚
1423 788 1542 842 quod
1572 787 1669 841 ipse

104 855 316 897 dominus
351 855 632 897 ltaimundus
668 857 780 898 Petri
818 861 1152 910 recognosceret
1196 858 1277 912 ipsi
1319 858 1499 899 domine
1539 857 1669 913 {lely-

104 926 272 974 saban,
309 929 353 968 et
392 926 532 967 eciam
577 928 767 968 truderet
811 928 992 969 tendunt
1035 942 1112 969 seu
1145 928 1291 973 feuda,
1323 930 1440 983 quod
1485 929 1553 970 vel
1582 943 1668 984 que

103 996 198 1053 ipse
220 997 432 1039 dominus
454 997 733 1039 Rainnindns
755 999 866 1040 t‘etri
893 1002 1027 1041 tenet.
1051 1014 1128 1040 sen
1154 1003 1302 1040 tent-re
1325 1001 1472 1042 dehet.
1491 1001 1548 1041 nb
1572 1000 1667 1055 ipsu

103 1067 147 1110 in
182 1070 274 1110 tota
302 1068 408 1109 villa
433 1069 488 1109 de
517 1069 748 1122 Agnntico.
784 1070 827 1110 131
866 1069 949 1110 istu
978 1070 1174 1124 precepit
1205 1070 1428 1125 predictus
1456 1070 1667 1112 dominns

102 1139 332 1181 Deodatus
358 1140 412 1181 de
434 1139 688 1182 Canilhaco.
728 1140 771 1181 in
803 1140 1031 1195 presencia
1060 1141 1174 1182 dicte
1196 1141 1377 1182 doniine
1403 1141 1666 1197 llctysubelz

104 1212 149 1252 et
193 1210 290 1265 ejus
321 1211 559 1255 mandato.
594 1210 790 1265 predicto
828 1211 1011 1252 domino
1053 1211 1302 1253 ttuinnlndo
1346 1212 1458 1253 l'etri
1504 1212 1662 1267 primo,

104 1281 301 1338 secundo
319 1283 364 1322 et
386 1281 535 1328 tercio,
562 1282 645 1323 sub
665 1296 781 1336 pena
802 1281 1054 1323 fenden-niu.
1076 1296 1161 1336 ‹luc
1181 1285 1269 1323 tani
1287 1283 1344 1323 nl)
1368 1283 1462 1337 ipsu
1483 1283 1668 1324 dominu

107 1351 384 1408 Helysabelz‚
417 1365 554 1407 quam
581 1365 607 1393 a
636 1352 833 1406 predicto
855 1353 1039 1393 domino
1071 1353 1232 1395 comite
1257 1356 1388 1394 tenet.

163 1423 230 1464 Ad
258 1423 378 1478 quod
400 1423 545 1465 dictus
573 1423 784 1465 dominus
815 1424 1094 1465 Rainlnndus
1125 1424 1241 1465 Petri
1271 1425 1514 1479 respondit,
1547 1426 1666 1479 quod

103 1507 191 1536 non
214 1497 550 1549 recognosceret
571 1494 685 1536 dicte
713 1495 894 1536 domine
925 1495 1186 1549 llelysabelz
1212 1495 1357 1541 feuda,
1383 1509 1470 1551 que
1491 1496 1547 1537 ab
1571 1496 1667 1550 ipsa

105 1568 246 1612 tenet,
289 1565 372 1606 nisi
415 1566 538 1621 prius
578 1566 675 1621 ipsa
713 1565 876 1607 faceret
916 1566 1000 1620 ipsi
1041 1567 1225 1607 domino
1256 1567 1507 1608 ltailuundo
1549 1568 1664 1609 Petri

103 1640 435 1679 sacramentum
457 1638 511 1678 de
540 1637 828 1679 restituendis
851 1637 933 1678 sibi
958 1637 1251 1679 incontinenti
1276 1638 1433 1679 fendis.
1460 1652 1546 1693 que
1571 1638 1664 1692 ipse

102 1707 316 1750 dominus
350 1707 630 1750 Raimundus
668 1709 786 1750 Petri
825 1709 907 1750 sibi
944 1713 1299 1763 recognosceret,
1341 1713 1384 1751 et
1410 1709 1551 1751 eciam
1581 1713 1668 1751 tra-

106 1780 246 1821 deret.

164 1850 228 1891 Ad
246 1851 364 1905 quod
385 1850 530 1891 dictus
545 1850 758 1891 dominus
775 1851 1000 1892 Deedntus
1017 1852 1070 1892 (10
1087 1851 1326 1893 Caniniam
1348 1852 1464 1893 dicto
1484 1852 1667 1893 domino

104 1920 356 1963 Raimundo
398 1921 512 1962 Petri
558 1921 811 1976 respondit,
862 1923 982 1976 quod
1026 1922 1140 1963 dictu
1191 1922 1376 1963 domina
1418 1922 1666 1964 Helisabelz

102 2005 190 2033 non
215 1992 452 2034 tenebatur
472 1993 526 2034 de
545 1992 756 2047 predictis
780 1991 924 2034 feudis
947 1993 1237 2035 restituendis
1257 1993 1420 2049 jurare,
1449 2007 1527 2035 nec
1545 1994 1664 2048 quod

102 2063 357 2106 restitueret
387 2063 522 2105 fidem
549 2063 748 2119 aliquam
779 2067 980 2119 prestare
1009 2064 1091 2119 ipsi
1131 2065 1386 2107 Ruiniundo
1424 2065 1562 2113 Petri,
1596 2065 1665 2106 vel

101 2133 234 2177 alicui
269 2148 348 2190 pro
375 2148 455 2176 eo:
488 2148 544 2176 ex
578 2149 630 2177 eo
658 2136 776 2190 quod
807 2149 894 2176 non
919 2135 1083 2187 extitit,
1115 2150 1194 2177 nec
1224 2149 1421 2191 unquam
1453 2135 1535 2177 suit
1562 2149 1666 2177 con-

102 2208 306 2253 suetum;
339 2206 414 2247 sed
441 2206 539 2261 ipsa
559 2206 744 2248 domina
765 2206 1031 2249 Ilelisabetz,
1058 2207 1296 2261 recognitis
1318 2210 1359 2248 et
1385 2207 1558 2249 traditis
1581 2207 1664 2248 sibi

102 2276 264 2323 feudis,
296 2280 451 2332 parata
471 2279 567 2319 erat
594 2290 723 2319 suam
751 2277 1006 2332 legaltaten]
1029 2292 1165 2333 super
1192 2278 1277 2320 hiis
1305 2278 1464 2320 fucere.

163 2348 287 2390 Unde
306 2348 533 2403 predictus
555 2348 768 2390 dominus
787 2349 1014 2390 Deodatus
1036 2350 1089 2391 de
1112 2349 1335 2391 Cauillaco
1356 2349 1516 2391 iteruin
1535 2349 1667 2404 peciit

99 2432 127 2461 a
152 2419 270 2461 dicto
298 2419 483 2461 domino
514 2419 765 2462 Raimundo
797 2419 927 2468 Petri,
954 2423 1105 2462 uti-uin
1138 2421 1315 2463 volebat
1345 2434 1660 2475 recognoscere

101 2493 146 2532 et
180 2490 353 2532 tradere
383 2490 541 2538 feuda,
578 2490 662 2545 ipsi
699 2491 883 2532 demine
921 2491 1171 2533 Helisabelz
1206 2492 1429 2546 predicte,
1468 2492 1570 2532 ville
1610 2492 1664 2532 de

101 2561 344 2616 Agantico‚
382 2575 468 2617 que
499 2562 556 2603 ab
593 2561 690 2616 ipsa
731 2565 877 2609 tenet;
916 2567 957 2604 et
999 2562 1092 2617 ipse
1132 2563 1344 2604 deminus
1385 2563 1663 2604 Rainiundns

102 2631 220 2674 Petri
249 2632 493 2688 respondit,
519 2633 640 2688 quod
665 2632 842 2674 nonnisi
864 2647 965 2675 cuni
991 2633 1136 2676 ferina
1157 2634 1429 2689 supradicta.

159 2704 270 2745 Acta
306 2702 487 2746 fuerunt
523 2704 605 2745 hec
643 2703 687 2745 in
716 2704 823 2745 villa
849 2705 903 2746 de
931 2705 1164 2759 Agantice,
1208 2705 1250 2745 in
1292 2704 1474 2746 ecclesia
1514 2705 1662 2746 Sancti

102 2773 236 2822 Petri,
261 2774 305 2816 in
333 2774 565 2830 presencia
585 2777 629 2817 et
651 2775 908 2817 testimonio
927 2775 1098 2817 domini
1119 2776 1266 2817 Poncii
1289 2777 1343 2817 de
1366 2775 1661 2821 Mcmtolauro,

104 2845 274 2888 Thome
303 2845 491 2888 Romani
526 2845 788 2901 jurisperiti.
833 2846 1086 2901 Berengarii
1128 2848 1182 2889 de
1211 2847 1336 2889 Fara.
1378 2847 1583 2887 Futc‹›nis
1611 2847 1667 2887 (1(-

102 2915 267 2959 Sancto
287 2916 501 2964 Marciali.
528 2917 691 2959 Raines
718 2918 772 2958 (10
796 2916 1024 2961 Mairusio.
1053 2918 1199 2959 Pencii
1224 2919 1277 2958 de
1306 2917 1528 2959 Vniverin.
1563 2918 1663 2958 Ber-

100 2987 248 3029 trandi
281 2987 336 3029 de
375 2987 747 3035 Montedisderio,
790 2987 1014 3029 Guillelmi
1048 2989 1101 3030 de
1138 2989 1470 3031 Monterodato,
1515 2987 1665 3029 Pencii
