2070 3486
817 329 866 333 —
904 304 982 345 371
1025 330 1074 335 ——

223 396 334 439 Item
350 397 477 452 ponit
491 398 631 452 quod,
647 410 748 439 cum
768 396 866 452 ipsa
882 398 1016 439 n011‹=t
1035 400 1090 439 ml
1107 400 1505 441 ronnnonitionem
1524 401 1724 455 ipsorum

165 468 352 510 reddere
372 468 544 510 dictum
564 471 781 515 castrum,
807 468 891 524 ipsi
913 470 1131 511 ducebant
1158 484 1255 512 eam
1285 472 1339 512 acl
1370 474 1545 526 portam
1568 472 1726 526 capitis=

164 539 313 587 castri,
344 539 534 581 dicendo
555 540 692 594 quod,
718 539 754 581 si
782 539 886 594 quis
908 540 1144 595 projiceret
1163 542 1224 594 (1)
1255 542 1466 596 lapidem,
1495 542 1560 583 vel
1587 542 1724 584 telum

164 609 239 651 vel
267 622 422 657 arma,
460 611 515 652 de
545 623 598 652 ea
632 613 809 652 scutum
831 610 1042 652 facerent.
1073 637 1123 642 —
1152 612 1340 665 Negavit
1372 613 1583 654 dominus
1611 612 1726 667 epis-

165 692 320 735 copus.

224 751 336 793 Item
376 751 530 806 ponit.
575 752 724 806 quod,
766 754 1006 807 postquam
1041 766 1192 793 eomes
1233 754 1479 808 predictus.
1525 754 1593 795 vel
1632 754 1728 809 rjus

166 820 309 870 filius,
341 822 502 865 habuit
530 827 726 865 castrum
759 823 1094 878 supradictum.
1127 824 1242 865 idem
1279 825 1444 867 (juido.
1478 839 1556 879 per
1583 838 1629 866 se
1657 824 1726 865 vel

166 906 247 949 per
287 894 584 936 Bertrandum
625 893 932 942 Dalmacium,
978 895 1098 936 venit
1137 896 1192 937 ad
1227 899 1450 942 castrum;
1491 899 1534 937 et.
1575 896 1655 937 suit
1689 896 1726 936 ei

165 964 336 1007 dictum
363 965 422 1007 ab
448 964 709 1007 hominibus
736 965 897 1007 castri.
935 966 1056 1020 quod
1093 980 1181 1007 non
1211 967 1395 1008 intraret
1435 970 1647 1009 castrum.
1675 993 1726 997 —

166 1036 356 1091 Negavit
380 1036 436 1079 de
462 1037 663 1078 adventu
689 1036 938 1083 Guidonis;
970 1037 1024 1078 de
1045 1037 1145 1078 aliis
1169 1037 1360 1079 dubitat.

225 1107 337 1150 Item
356 1107 499 1163 ponit,
525 1109 646 1163 quod
667 1108 806 1150 semel
830 1108 1026 1150 secundo
1047 1111 1090 1149 et
1114 1109 1247 1149 tercio
1271 1109 1393 1150 misit
1413 1109 1600 1150 nuncios
1623 1123 1729 1149 suos

168 1191 248 1234 pro
276 1180 370 1221 toto
396 1181 542 1221 castro
569 1178 886 1225 custodiendo,
923 1181 1025 1220 ante
1053 1179 1287 1220 introitum
1316 1180 1506 1221 comitis.
1533 1183 1573 1219 et
1603 1183 1727 1234 post:

167 1252 212 1291 et
231 1249 289 1291 ab
316 1249 578 1291 hominibus
605 1249 738 1292 castri
759 1249 929 1291 dictum
958 1249 1041 1291 fuit
1069 1250 1132 1292 eis
1160 1251 1280 1304 quod
1306 1264 1394 1292 uon
1418 1251 1649 1291 intrarent.
1678 1276 1730 1279 —

168 1320 235 1362 Ad
257 1321 379 1375 quod
404 1321 686 1376 respondeus
708 1321 921 1362 dominus
943 1321 1182 1376 episcopus
1200 1322 1426 1376 cognovit,
1447 1322 1566 1377 quod
1589 1321 1733 1362 Guitlo

167 1390 292 1433 misit
317 1391 469 1446 plures
496 1395 696 1434 armatos
724 1391 932 1434 homiues
965 1393 1022 1434 ad
1057 1395 1254 1434 castrum
1284 1392 1451 1434 dictum
1481 1392 1735 1433 custodien-

168 1462 306 1508 dum:
349 1465 394 1505 et
425 1476 528 1505 cum
561 1464 617 1505 de
652 1465 781 1506 nocte
822 1463 987 1505 intrare
1025 1463 1214 1510 vellent,
1247 1463 1413 1505 dictum
1454 1463 1535 1505 fuit
1575 1463 1638 1503 eis
1677 1463 1734 1503 ab

167 1532 430 1575 hominibus
463 1533 625 1580 castri,
657 1535 777 1589 quod
814 1548 903 1575 non
939 1522 1184 1581 intrarent,
1216 1534 1321 1589 quia
1355 1534 1567 1575 domiuus
1588 1533 1733 1575 Guido

168 1603 439 1659 promiserat
459 1604 525 1647 eis
551 1606 670 1660 quod
694 1619 784 1647 non
812 1605 1134 1648 intromitteret
1160 1605 1337 1660 aliquos
1359 1605 1566 1646 homines
1588 1607 1735 1646 extra-

169 1687 279 1717 neos
312 1675 408 1718 sine
445 1676 677 1718 voluntate
706 1676 937 1732 ipsorum;
979 1680 1024 1718 et
1050 1677 1157 1732 quia
1191 1690 1282 1718 nox
1309 1679 1405 1718 erat
1431 1679 1473 1719 ct
1502 1677 1609 1718 liora
1639 1690 1736 1717 sus-

167 1734 324 1801 pecta;
349 1749 394 1789 et
409 1747 516 1802 quia
537 1747 708 1790 dictum
732 1747 815 1789 fuit
835 1748 914 1790 eis.
933 1749 1053 1804 quod
1075 1748 1161 1803 ipsi
1180 1748 1390 1789 volebant
1413 1761 1490 1789 eos
1513 1747 1736 1802 bar1·ejm·‹=

169 1818 386 1860 mandato
413 1817 556 1873 ipsius
584 1818 822 1861 Guidonis.

229 1889 340 1931 Item
361 1889 490 1944 ponit
516 1890 638 1944 quod
658 1890 866 1932 homines
888 1892 943 1933 de
964 1891 1197 1933 Bazaluco.
1229 1891 1338 1932 dum
1367 1903 1518 1932 comcs
1541 1893 1738 1932 castrum

170 1962 343 2003 teneret
363 1963 408 2003 et
428 1961 565 2003 etiam
597 1961 866 2004 Guillelmus
901 1963 956 2004 de
984 1961 1156 2009 Orlaco,
1179 1961 1393 2003 dixerunt
1415 1961 1599 2003 domino
1622 1961 1739 2016 epis-

169 2044 298 2087 copo,
335 2030 408 2074 vel
438 2031 514 2074 alii
546 2046 627 2088 pro
655 2046 732 2081 eo,
765 2034 886 2088 quod
914 2034 1152 2076 redderent
1181 2033 1220 2074 ci
1254 2034 1423 2075 dictum
1452 2036 1664 2075 castrum.
1696 2035 1736 2073 et

170 2103 290 2158 quod
314 2102 566 2158 reciperent
585 2103 753 2159 ipsum.
787 2130 837 2134 —
869 2104 1059 2159 Negavit
1082 2104 1294 2146 dominus
1317 2104 1570 2159 episcopus.

230 2174 341 2216 Item
376 2175 504 2230 ponit
535 2177 673 2230 quod,
705 2176 863 2218 eadem
901 2176 988 2223 die,
1020 2176 1090 2218 vel
1122 2177 1404 2231 precedente.
1429 2189 1518 2230 qua
1541 2178 1737 2216 castrum

171 2245 424 2301 predictum
449 2246 642 2289 Peneius
673 2247 827 2289 Buada
855 2248 1040 2303 recepit,
1074 2248 1192 2290 idem
1216 2247 1484 2289 Guillelmus
1509 2247 1562 2287 de
1586 2245 1740 2287 Orlaco

170 2316 351 2372 bajulus
379 2319 475 2359 erat
501 2318 706 2360 Bazaluci
727 2332 807 2374 pro
828 2320 987 2361 eodem
1009 2319 1171 2361 comite
1194 2331 1202 2369 3
1234 2321 1277 2360 et
1299 2318 1418 2373 quod
1443 2320 1494 2358 (l.
1522 2316 1742 2358 Johanuis

171 2388 227 2430 de
247 2388 618 2437 Montebazenco‚
649 2390 750 2444 qui.
789 2403 871 2446 pro
908 2391 1067 2432 eodem
1092 2389 1333 2432 Guillelmo
1362 2390 1416 2430 de
1448 2388 1618 2430 Orlaco.
1651 2401 1746 2429 cas-

173 2461 291 2502 trum
313 2460 509 2508 tenebat‚
542 2460 736 2503 reddidit
758 2461 910 2516 ipsun]
940 2464 1138 2503 castrum
1170 2460 1328 2502 Pontio
1356 2460 1525 2506 Buada,
1558 2461 1599 2500 et
1625 2459 1742 2500 idem

172 2523 359 2573 Pontius
392 2531 538 2574 tenuit
578 2534 774 2574 castrum
810 2546 890 2588 pro
919 2532 1103 2575 domino
1141 2532 1382 2587 episcopo:
1426 2533 1483 2577 et,
1530 2530 1742 2571 mandatu

171 2601 376 2657 ejusdem
395 2602 569 2645 domini
589 2602 804 2658 episcopi.
836 2603 1032 2646 reddidit
1059 2606 1256 2645 castrum
1279 2602 1413 2657 priori
1442 2603 1496 2643 de
1526 2600 1741 2642 Yeiruna.

169 2686 252 2728 pro
271 2673 456 2716 domino
474 2673 812 2730 archiepiscopo
836 2675 1083 2730 recipienti.
1116 2700 1168 2704 -—
1199 2673 1350 2716 Tercio
1374 2686 1516 2714 nonas
1545 2674 1739 2726 septem-

171 2743 278 2792 bris,
303 2744 516 2800 cognovit
536 2745 748 2787 dominus
769 2745 1008 2801 episcopus
1032 2745 1241 2787 Pontium
1265 2745 1417 2785 Buada
1440 2743 1638 2785 tenuisse
1658 2756 1737 2797 pro

170 2828 224 2857 eo
253 2815 422 2857 dictum
452 2818 681 2863 castrum;
718 2819 763 2858 et
798 2817 921 2872 quod
960 2816 1192 2859 mandavit
1219 2816 1365 2857 cidem
1399 2815 1520 2869 quod
1545 2814 1737 2855 traderet

219 2970 270 3017 (1)
296 2969 421 3008 Cart.:
442 2969 682 3016 prohiceret.
