2070 3486
808 318 859 323 —
897 292 982 333 (373
1017 318 1069 322 —

153 388 207 430 ad
237 387 429 429 invicem
464 387 772 429 absolverunt,
812 387 1128 441 promictcntes
1156 388 1275 442 quod
1305 400 1538 442 nunquam
1564 389 1718 429 ctmtra

155 458 351 505 venient,
385 472 463 500 nec
492 458 633 499 veniri
669 457 831 499 sacient
858 472 934 498 sen
972 458 1262 512 permictent3
1295 459 1369 499 sed
1407 458 1606 512 prefatus
1640 460 1718 500 do—

155 529 305 572 minus
331 529 569 584 episcopus
599 528 722 570 faciet
748 528 915 569 dietum
941 529 1262 570 inonast‹=,1·inm
1287 529 1439 570 omnia
1460 529 1717 584 supradicta

152 604 196 643 et
217 601 393 656 singula
407 600 557 656 quiete
574 603 617 641 et.
636 599 817 654 pacifice
838 599 1081 654 possidere.
1105 602 1147 641 et
1165 601 1222 641 al)
1240 600 1363 641 omni
1383 600 1713 642 contradicente

150 685 230 714 seu
266 671 631 715 contravenient«)
665 671 761 726 jure
795 670 1044 717 deffendct;
1074 674 1118 712 et
1154 675 1202 712 ut
1238 671 1436 725 predicta
1477 671 1630 713 onmia
1669 675 1715 713 ct

150 742 327 798 singula
346 742 606 784 firmitatem
624 741 769 782 sortiri
794 741 969 782 valcant
988 741 1270 795 ampliorem,
1294 742 1435 783 voluit
1453 745 1495 784 et
1517 742 1715 797 precepit

149 813 294 856 dietus
313 813 523 855 dominus
539 812 776 868 episcopus
797 815 1050 866 presentem
1071 816 1238 853 cartam
1257 813 1379 855 hulla
1399 826 1481 854 sua
1502 813 1715 868 plumbea

149 884 432 928 communiri.

211 957 321 998 Aeta
348 955 527 998 fuerunt
555 955 650 999 hec.
683 968 818 1001 anno,
845 954 914 995 die
938 957 979 995 et
1003 954 1097 994 loco
1120 955 1329 1009 predictis
1352 955 1394 996 in
1419 955 1649 1010 presencia
1669 958 1713 997 et

150 1026 795 1081 testimonio·prescriptorum,
822 1029 865 1066 et
893 1025 980 1066 mei
1005 1026 1223 1066 joliannis
1247 1026 1495 1071 ssrnmwne,
1527 1027 1711 1081 predicti

151 1097 315 1153 publici
343 1097 448 1139 dicti
476 1097 646 1139 domini
675 1096 871 1152 episcopi
900 1096 941 1137 in
971 1110 1053 1137 sna
1080 1097 1258 1151 dyocesi
1288 1100 1331 1139 et
1357 1097 1571 1139 comitatu
1607 1098 1713 1139 Mel-

146 1169 258 1225 gorii
279 1172 324 1212 et
342 1168 706 1211 Montisfcrrandi
730 1168 907 1215 notarii,
934 1167 1009 1223 qni
1040 1170 1278 1210 mandatus
1301 1169 1381 1209 hec
1403 1168 1574 1224 scripsi.

208 1390 314 1432 Post
351 1389 432 1431 hee
470 1391 648 1437 autem,
680 1402 799 1430 anno
838 1403 927 1444 quo
971 1404 1134 1444 snpra.
1179 1390 1344 1431 scilicet
1377 1388 1712 1444 quintodecimo

147 1459 583 1515 kalendasjanuarii,
605 1463 853 1502 memorata
870 1461 1099 1515 priorissa,
1127 1463 1348 1515 presente.
1371 1460 1546 1502 volente
1569 1459 1709 1501 ceiam

144 1535 188 1574 et
216 1532 481 1579 mandante,
515 1534 635 1573 totus
671 1532 857 1586 predicti
893 1532 1150 1573 monasterii
1186 1534 1462 1578 conventus,
1505 1530 1711 1572 videlicet

142 1602 344 1645 Jarzions
366 1602 594 1657 priorissa,
620 1603 889 1655 Bercngaria
916 1604 970 1644 de
994 1603 1195 1644 Piniano.
1218 1602 1455 1644 (luillelma
1478 1601 1705 1644 Mei-ceria.
1728 1638 1732 1643 ,

143 1673 287 1716 Gurra
314 1674 367 1715 de
395 1673 629 1717 Graniaco.
666 1674 872 1715 Jollanna
902 1676 955 1716 dc
979 1674 1237 1721 Vencallon‚
1277 1674 1518 1715 Dtjnnfelina
1540 1673 1705 1720 Helias,

142 1744 363 1787 Alazaieia
390 1745 444 1787 de
481 1745 677 1787 Pezena.
718 1745 938 1787 Alazaicia
965 1745 1275 1799 Gandabriga.
1316 1745 1454 1786 Maria
1488 1746 1704 1800 Boqueta.

140 1817 380 1872 Marqueza
406 1817 461 1858 de
491 1816 624 1865 Latis,
664 1817 889 1871 nosiagna
924 1818 978 1858 de
1006 1817 1404 1864 §inuitem-hedone,
1444 1816 1621 1857 Beatrix
1654 1817 1708 1857 dc

144 1888 332 1936 Rosson‚
368 1887 545 1942 Aiglina
575 1888 630 1929 de
666 1887 843 1933 Cnncio,
886 1888 1098 1943 Atbnrgis
1126 1889 1179 1929 de
1202 1887 1538 1942 Vallauqnesio‚
1570 1887 1707 1929 Maria

140 1959 195 2001 de
224 1959 440 2003 Linhano,
468 1959 673 2000 Johanna
695 1959 912 2001 Gamella.
940 1959 1120 2000 Beati-ix
1149 1959 1440 2005 Roccadossa,
1468 1958 1705 1999 Doncclinn

142 2030 433 2077 Boccadossa,
466 2030 605 2072 Maria
634 2031 879 2076 Atbranda,
910 2030 1132 2083 Litburgis
1154 2031 1208 2071 de
1233 2029 1440 2076 Veirnna,
1468 2029 1708 2071 Doucelina

138 2102 194 2143 de
216 2101 437 2147 Baudaco,
470 2101 520 2142 G.
553 2102 607 2143 do
638 2101 953 2149 ltocatorcada,
986 2101 1297 2143 Ermessendis
1322 2102 1376 2142 do
1406 2103 1569 2143 =<aneto
1592 2101 1706 2142 Mar—

140 2171 264 2219 ciali,
307 2173 502 2227 Astruga
537 2173 591 2214 de
628 2173 784 2220 Roais,
825 2173 1008 2227 ipsaque
1039 2172 1277 2227 priorissa.
1328 2185 1405 2227 per
1443 2186 1488 2213 se
1524 2175 1567 2213 et
1595 2172 1706 2213 alias

140 2246 371 2299 presentes
405 2247 449 2285 et
478 2243 649 2285 futuras
673 2244 910 2299 priorissas
937 2247 981 2286 et
1009 2243 1226 2286 moniales
1257 2244 1396 2299 ipsius
1425 2243 1702 2290 monasterii,

138 2314 379 2356 certificate
407 2315 460 2356 de
495 2315 707 2356 omnibus
742 2319 785 2356 et
813 2315 999 2369 singulis
1034 2315 1318 2370 supradictis,
1352 2315 1543 2356 scientes
1571 2317 1614 2355 et
1643 2329 1707 2355 re-

138 2388 461 2441 cognoscentes
489 2386 687 2440 predicta
723 2399 820 2428 esse
859 2386 973 2428 tacta
1016 2389 1060 2427 et
1096 2387 1346 2427 redundare
1387 2385 1429 2426 in
1469 2385 1706 2427 utilitatem

138 2469 268 2498 suam
288 2459 331 2498 et
352 2456 493 2511 ipsius
515 2457 793 2504 monasterii,
816 2457 1130 2505 laudaverunt,
1152 2458 1520 2512 approbaverunt
1541 2459 1583 2497 et
1606 2456 1708 2497 rati-

137 2527 388 2570 ficaverunt
415 2528 612 2583 predicta
638 2529 791 2569 omnia,
825 2532 870 2570 et
910 2528 1087 2582 singula
1114 2528 1440 2583 suprascripta,
1472 2541 1558 2583 que
1588 2527 1707 2581 sigil-

137 2598 263 2641 latim
292 2601 336 2641 et
363 2599 586 2645 seriatim,
619 2601 673 2641 de
703 2601 839 2641 verbo
875 2601 929 2641 ad
971 2601 1186 2648 verbnm,
1230 2599 1342 2641 lecta
1383 2602 1427 2641 et
1464 2598 1705 2653 explanata

140 2669 386 2725 vulgariter
418 2670 461 2712 in
497 2673 703 2725 apertum
733 2671 903 2713 eisdem
933 2675 977 2712 et
1007 2684 1158 2713 coram
1188 2670 1253 2712 eis
1280 2673 1410 2711 antea
1439 2670 1700 2717 extiterunt,

138 2754 294 2783 rursus
322 2741 461 2783 eciam
485 2742 720 2783 laudantes
749 2745 793 2784 et
813 2743 1118 2797 approbantes
1142 2741 1495 2795 recognicionem
1517 2741 1701 2795 predicti

138 2811 277 2854 vineti
301 2825 379 2853 sen
405 2813 663 2854 tenementi.
696 2813 847 2854 statim
880 2816 979 2868 post
1007 2812 1158 2862 (blame
1184 2812 1238 2853 (le
1263 2812 1284 2853 l
1312 2814 1445 2861 rent.)
1470 2812 1702 2852 nacmnem

135 2896 214 2923 seu
253 2882 558 2924 recitationem
595 2883 912 2938 prmlictornm,
956 2884 1117 2925 tactam
1146 2884 1203 2924 ab
1233 2883 1329 2937 ipsa
1356 2883 1584 2937 priorissa,
1618 2882 1704 2923 sul)

137 2966 289 2995 annuo
311 2967 445 2995 censu
470 2954 668 3009 predicto
691 2955 840 2995 dando
862 2957 904 2996 et
927 2954 1159 2997 solvomlo,
1186 2967 1287 2995 cum
1312 2953 1440 2995 t'ncrit
1472 2953 1700 3008 requisita,
