<?xml version="1.0" encoding="UTF-8"?>
<!DOCTYPE html PUBLIC "-//W3C//DTD XHTML 1.0 Transitional//EN"
    "http://www.w3.org/TR/xhtml1/DTD/xhtml1-transitional.dtd">
<html xmlns="http://www.w3.org/1999/xhtml" xml:lang="en" lang="en">
 <head>
  <title>
</title>
<meta http-equiv="Content-Type" content="text/html;charset=utf-8" />
  <meta name='ocr-system' content='tesseract 3.04.00' />
  <meta name='ocr-capabilities' content='ocr_page ocr_carea ocr_par ocr_line ocrx_word'/>
</head>
<body>
  <div class='ocr_page' id='page_1' title='image "./cartulairedemagu02cathuoft_0168.png"; bbox 0 0 2070 3486; ppageno 0'>
   <div class='ocr_carea' id='block_1_1' title="bbox 1038 265 1300 307">
    <p class='ocr_par' dir='ltr' id='par_1_1' title="bbox 1038 265 1300 307">
     <span class='ocr_line' id='line_1_1' title="bbox 1038 265 1300 307; baseline 0 0"><span class='ocrx_word' id='word_1_1' title='bbox 1038 292 1089 297; x_wconf 92' lang='lat'>--</span> <span class='ocrx_word' id='word_1_2' title='bbox 1126 265 1211 307; x_wconf 68' lang='lat'>162</span> <span class='ocrx_word' id='word_1_3' title='bbox 1248 291 1300 296; x_wconf 89' lang='lat'>—</span> 
     </span>
    </p>
   </div>
   <div class='ocr_carea' id='block_1_2' title="bbox 887 465 1535 511">
    <p class='ocr_par' dir='ltr' id='par_1_2' title="bbox 887 465 1535 511">
     <span class='ocr_line' id='line_1_2' title="bbox 887 465 1535 511; baseline 0.002 -12"><span class='ocrx_word' id='word_1_4' title='bbox 887 467 1089 502; x_wconf 65' lang='lat' dir='ltr'>(JCCLIV.</span> <span class='ocrx_word' id='word_1_5' title='bbox 1120 487 1160 491; x_wconf 81' lang='lat'>—</span> <span class='ocrx_word' id='word_1_6' title='bbox 1189 466 1234 501; x_wconf 65' lang='lat'>27</span> <span class='ocrx_word' id='word_1_7' title='bbox 1262 465 1360 501; x_wconf 77' lang='lat' dir='ltr'>aout</span> <span class='ocrx_word' id='word_1_8' title='bbox 1389 466 1479 501; x_wconf 67' lang='lat'>1217</span> <span class='ocrx_word' id='word_1_9' title='bbox 1532 509 1535 511; x_wconf 69' lang='lat'>.</span> 
     </span>
    </p>
   </div>
   <div class='ocr_carea' id='block_1_3' title="bbox 388 584 1953 690">
    <p class='ocr_par' dir='ltr' id='par_1_3' title="bbox 388 584 1953 690">
     <span class='ocr_line' id='line_1_3' title="bbox 388 584 1953 630; baseline -0.001 -9"><span class='ocrx_word' id='word_1_10' title='bbox 388 588 585 621; x_wconf 82' lang='lat' dir='ltr'>Plainte</span> <span class='ocrx_word' id='word_1_11' title='bbox 607 585 818 630; x_wconf 73' lang='lat' dir='ltr'>deposee</span> <span class='ocrx_word' id='word_1_12' title='bbox 838 596 929 630; x_wconf 84' lang='lat' dir='ltr'>par</span> <span class='ocrx_word' id='word_1_13' title='bbox 949 586 1088 621; x_wconf 86' lang='lat' dir='ltr'>Pons</span> <span class='ocrx_word' id='word_1_14' title='bbox 1109 585 1287 620; x_wconf 78' lang='lat' dir='ltr'>Pierre</span> <span class='ocrx_word' id='word_1_15' title='bbox 1308 585 1367 620; x_wconf 87' lang='lat' dir='ltr'>de</span> <span class='ocrx_word' id='word_1_16' title='bbox 1398 584 1598 629; x_wconf 79' lang='lat' dir='ltr'>Ganges</span> <span class='ocrx_word' id='word_1_17' title='bbox 1628 586 1799 620; x_wconf 77' lang='lat' dir='ltr'>contre</span> <span class='ocrx_word' id='word_1_18' title='bbox 1830 585 1953 620; x_wconf 80' lang='lat' dir='ltr'>Rai-</span> 
     </span>
     <span class='ocr_line' id='line_1_4' title="bbox 434 643 1950 690; baseline -0.001 -10"><span class='ocrx_word' id='word_1_19' title='bbox 434 646 579 680; x_wconf 89' lang='lat' dir='ltr'>mond</span> <span class='ocrx_word' id='word_1_20' title='bbox 601 645 660 680; x_wconf 89' lang='lat' dir='ltr'>de</span> <span class='ocrx_word' id='word_1_21' title='bbox 681 644 975 689; x_wconf 83' lang='lat' dir='ltr'>Roquefeuil</span> <span class='ocrx_word' id='word_1_22' title='bbox 996 655 1059 680; x_wconf 88' lang='lat' dir='ltr'>au</span> <span class='ocrx_word' id='word_1_23' title='bbox 1081 646 1208 690; x_wconf 78' lang='lat' dir='ltr'>sujet</span> <span class='ocrx_word' id='word_1_24' title='bbox 1237 644 1296 679; x_wconf 86' lang='lat' dir='ltr'>de</span> <span class='ocrx_word' id='word_1_25' title='bbox 1327 644 1547 679; x_wconf 79' lang='lat' dir='ltr'>Brissac.</span> <span class='ocrx_word' id='word_1_26' title='bbox 1588 643 1812 688; x_wconf 72' lang='lat' dir='ltr'>Enquete</span> <span class='ocrx_word' id='word_1_27' title='bbox 1838 644 1868 679; x_wconf 75' lang='lat' dir='ltr'>a.</span> <span class='ocrx_word' id='word_1_28' title='bbox 1895 653 1950 679; x_wconf 82' lang='lat' dir='ltr'>ce</span> 
     </span>
    </p>
   </div>
   <div class='ocr_carea' id='block_1_4' title="bbox 435 705 576 750">
    <p class='ocr_par' dir='ltr' id='par_1_4' title="bbox 435 705 576 750">
     <span class='ocr_line' id='line_1_5' title="bbox 435 705 576 750; baseline 0.007 -12"><span class='ocrx_word' id='word_1_29' title='bbox 435 705 506 750; x_wconf 86' lang='lat' dir='ltr'>suj</span> <span class='ocrx_word' id='word_1_30' title='bbox 514 706 576 739; x_wconf 84' lang='lat' dir='ltr'>et.</span> 
     </span>
    </p>
   </div>
   <div class='ocr_carea' id='block_1_5' title="bbox 367 811 1950 2793">
    <p class='ocr_par' dir='ltr' id='par_1_5' title="bbox 382 811 1950 1151">
     <span class='ocr_line' id='line_1_6' title="bbox 447 811 1950 866; baseline 0 -14"><span class='ocrx_word' id='word_1_31' title='bbox 447 813 490 852; x_wconf 84' lang='lat' dir='ltr'>tn</span> <span class='ocrx_word' id='word_1_32' title='bbox 519 812 700 853; x_wconf 77' lang='lat' dir='ltr'>nominc</span> <span class='ocrx_word' id='word_1_33' title='bbox 730 812 907 853; x_wconf 85' lang='lat' dir='ltr'>Domini</span> <span class='ocrx_word' id='word_1_34' title='bbox 938 812 1084 853; x_wconf 85' lang='lat' dir='ltr'>Nostri</span> <span class='ocrx_word' id='word_1_35' title='bbox 1113 812 1252 853; x_wconf 77' lang='lat' dir='ltr'>Jhcsu</span> <span class='ocrx_word' id='word_1_36' title='bbox 1280 811 1457 853; x_wconf 85' lang='lat' dir='ltr'>Christi.</span> <span class='ocrx_word' id='word_1_37' title='bbox 1489 812 1643 853; x_wconf 79' lang='lat' dir='ltr'>Testes</span> <span class='ocrx_word' id='word_1_38' title='bbox 1671 811 1877 866; x_wconf 85' lang='lat' dir='ltr'>producti</span> <span class='ocrx_word' id='word_1_39' title='bbox 1904 811 1950 853; x_wconf 90' lang='lat' dir='ltr'>in</span> 
     </span>
     <span class='ocr_line' id='line_1_7' title="bbox 386 881 1949 937; baseline 0.001 -15"><span class='ocrx_word' id='word_1_40' title='bbox 386 883 568 923; x_wconf 75' lang='lat' dir='ltr'>modum</span> <span class='ocrx_word' id='word_1_41' title='bbox 613 882 929 937; x_wconf 71' lang='lat' dir='ltr'>publicationis</span> <span class='ocrx_word' id='word_1_42' title='bbox 969 897 992 924; x_wconf 82' lang='lat' dir='ltr'>a</span> <span class='ocrx_word' id='word_1_43' title='bbox 1030 882 1214 923; x_wconf 75' lang='lat' dir='ltr'>domino</span> <span class='ocrx_word' id='word_1_44' title='bbox 1264 882 1425 923; x_wconf 77' lang='lat' dir='ltr'>l‘oncio</span> <span class='ocrx_word' id='word_1_45' title='bbox 1471 882 1597 923; x_wconf 77' lang='lat' dir='ltr'>Petro</span> <span class='ocrx_word' id='word_1_46' title='bbox 1637 882 1691 923; x_wconf 81' lang='grc'>(16</span> <span class='ocrx_word' id='word_1_47' title='bbox 1732 881 1949 936; x_wconf 78' lang='lat' dir='ltr'>Agantico</span> 
     </span>
     <span class='ocr_line' id='line_1_8' title="bbox 382 953 1950 1009; baseline 0.001 -16"><span class='ocrx_word' id='word_1_48' title='bbox 382 956 536 994; x_wconf 66' lang='lat' dir='ltr'>vonira</span> <span class='ocrx_word' id='word_1_49' title='bbox 567 954 801 995; x_wconf 79' lang='lat' dir='ltr'>(lominum</span> <span class='ocrx_word' id='word_1_50' title='bbox 836 955 1154 1009; x_wconf 60' lang='lat' dir='ltr'>ttaymundum</span> <span class='ocrx_word' id='word_1_51' title='bbox 1183 955 1237 995; x_wconf 80' lang='grc'>(16</span> <span class='ocrx_word' id='word_1_52' title='bbox 1261 953 1487 995; x_wconf 71' lang='lat' dir='ltr'>ltocatolio</span> <span class='ocrx_word' id='word_1_53' title='bbox 1515 954 1767 999; x_wconf 74' lang='lat' dir='ltr'>absentem,</span> <span class='ocrx_word' id='word_1_54' title='bbox 1800 956 1845 995; x_wconf 87' lang='lat' dir='ltr'>et</span> <span class='ocrx_word' id='word_1_55' title='bbox 1872 967 1950 995; x_wconf 89' lang='lat' dir='ltr'>no-</span> 
     </span>
     <span class='ocr_line' id='line_1_9' title="bbox 384 1023 1949 1080; baseline 0.001 -15"><span class='ocrx_word' id='word_1_56' title='bbox 384 1024 549 1066; x_wconf 76' lang='lat' dir='ltr'>lentem</span> <span class='ocrx_word' id='word_1_57' title='bbox 578 1025 810 1070; x_wconf 65' lang='lat' dir='ltr'>interesse,</span> <span class='ocrx_word' id='word_1_58' title='bbox 837 1038 956 1066; x_wconf 86' lang='lat' dir='ltr'>anno</span> <span class='ocrx_word' id='word_1_59' title='bbox 980 1024 1209 1066; x_wconf 79' lang='lat' dir='ltr'>Dominice</span> <span class='ocrx_word' id='word_1_60' title='bbox 1242 1024 1565 1066; x_wconf 79' lang='lat' dir='ltr'>incarnationis</span> <span class='ocrx_word' id='word_1_61' title='bbox 1596 1024 1656 1066; x_wconf 85' lang='lat' dir='ltr'>M⁰</span> <span class='ocrx_word' id='word_1_62' title='bbox 1678 1024 1734 1065; x_wconf 80' lang='lat' dir='ltr'>IIc</span> <span class='ocrx_word' id='word_1_63' title='bbox 1755 1023 1949 1080; x_wconf 76' lang='lat' dir='ltr'>septimo</span> 
     </span>
     <span class='ocr_line' id='line_1_10' title="bbox 383 1096 1220 1151; baseline 0.002 -16"><span class='ocrx_word' id='word_1_64' title='bbox 383 1096 573 1142; x_wconf 67' lang='lat' dir='ltr'>‹lm-imo,</span> <span class='ocrx_word' id='word_1_65' title='bbox 607 1096 661 1137; x_wconf 88' lang='lat' dir='ltr'>VI</span> <span class='ocrx_word' id='word_1_66' title='bbox 685 1096 904 1138; x_wconf 83' lang='lat' dir='ltr'>kalendas</span> <span class='ocrx_word' id='word_1_67' title='bbox 933 1096 1220 1151; x_wconf 78' lang='lat' dir='ltr'>septembris.</span> 
     </span>
    </p>

    <p class='ocr_par' dir='ltr' id='par_1_6' title="bbox 375 1166 1948 2292">
     <span class='ocr_line' id='line_1_11' title="bbox 445 1166 1948 1210; baseline 0.001 -2"><span class='ocrx_word' id='word_1_68' title='bbox 445 1169 600 1208; x_wconf 72' lang='lat' dir='ltr'>Petrus</span> <span class='ocrx_word' id='word_1_69' title='bbox 639 1169 693 1209; x_wconf 84' lang='grc'>(16</span> <span class='ocrx_word' id='word_1_70' title='bbox 732 1168 896 1209; x_wconf 79' lang='lat' dir='ltr'>Sancto</span> <span class='ocrx_word' id='word_1_71' title='bbox 934 1168 1138 1209; x_wconf 71' lang='lat' dir='ltr'>,Iohanne</span> <span class='ocrx_word' id='word_1_72' title='bbox 1179 1169 1415 1210; x_wconf 78' lang='lat' dir='ltr'>sacerdos.</span> <span class='ocrx_word' id='word_1_73' title='bbox 1458 1168 1513 1209; x_wconf 91' lang='grc'>(16</span> <span class='ocrx_word' id='word_1_74' title='bbox 1556 1167 1742 1209; x_wconf 76' lang='lat' dir='ltr'>licencia</span> <span class='ocrx_word' id='word_1_75' title='bbox 1776 1166 1948 1209; x_wconf 88' lang='lat' dir='ltr'>domini</span> 
     </span>
     <span class='ocr_line' id='line_1_12' title="bbox 379 1238 1948 1295; baseline 0.003 -18"><span class='ocrx_word' id='word_1_76' title='bbox 379 1238 576 1293; x_wconf 65' lang='lat' dir='ltr'>episcopi</span> <span class='ocrx_word' id='word_1_77' title='bbox 609 1239 734 1280; x_wconf 79' lang='lat' dir='ltr'>testis</span> <span class='ocrx_word' id='word_1_78' title='bbox 760 1239 950 1294; x_wconf 83' lang='lat' dir='ltr'>juratus.</span> <span class='ocrx_word' id='word_1_79' title='bbox 983 1239 1099 1280; x_wconf 81' lang='lat' dir='ltr'>(lixit</span> <span class='ocrx_word' id='word_1_80' title='bbox 1126 1253 1171 1279; x_wconf 59' lang='grc' dir='ltr'>,ψ</span> <span class='ocrx_word' id='word_1_81' title='bbox 1208 1239 1375 1280; x_wconf 76' lang='lat' dir='ltr'>vidisse</span> <span class='ocrx_word' id='word_1_82' title='bbox 1406 1241 1450 1280; x_wconf 88' lang='lat' dir='ltr'>et</span> <span class='ocrx_word' id='word_1_83' title='bbox 1470 1238 1652 1280; x_wconf 80' lang='lat' dir='ltr'>audisse</span> <span class='ocrx_word' id='word_1_84' title='bbox 1680 1238 1800 1293; x_wconf 88' lang='lat' dir='ltr'>quod</span> <span class='ocrx_word' id='word_1_85' title='bbox 1830 1239 1948 1295; x_wconf 80' lang='lat' dir='ltr'>Ray-</span> 
     </span>
     <span class='ocr_line' id='line_1_13' title="bbox 379 1309 1945 1366; baseline 0.001 -16"><span class='ocrx_word' id='word_1_86' title='bbox 379 1310 576 1350; x_wconf 77' lang='lat' dir='ltr'>mundus</span> <span class='ocrx_word' id='word_1_87' title='bbox 596 1311 650 1351; x_wconf 80' lang='grc'><strong>(1(·</strong></span> <span class='ocrx_word' id='word_1_88' title='bbox 673 1310 913 1357; x_wconf 67' lang='grc'><strong>1106616116,</strong></span> <span class='ocrx_word' id='word_1_89' title='bbox 941 1313 1067 1365; x_wconf 83' lang='lat' dir='ltr'>pater</span> <span class='ocrx_word' id='word_1_90' title='bbox 1096 1310 1224 1352; x_wconf 81' lang='lat' dir='ltr'>istius</span> <span class='ocrx_word' id='word_1_91' title='bbox 1253 1310 1525 1366; x_wconf 66' lang='lat' dir='ltr'>Raymundi.</span> <span class='ocrx_word' id='word_1_92' title='bbox 1551 1313 1594 1352; x_wconf 84' lang='lat' dir='ltr'>et</span> <span class='ocrx_word' id='word_1_93' title='bbox 1615 1310 1806 1352; x_wconf 81' lang='lat' dir='ltr'>Poncius</span> <span class='ocrx_word' id='word_1_94' title='bbox 1828 1309 1945 1352; x_wconf 83' lang='lat' dir='ltr'>Petri</span> 
     </span>
     <span class='ocr_line' id='line_1_14' title="bbox 379 1381 1945 1437; baseline 0.003 -17"><span class='ocrx_word' id='word_1_95' title='bbox 379 1381 432 1421; x_wconf 71' lang='lat' dir='ltr'>(lc</span> <span class='ocrx_word' id='word_1_96' title='bbox 454 1381 670 1435; x_wconf 68' lang='lat' dir='ltr'>Agautico</span> <span class='ocrx_word' id='word_1_97' title='bbox 689 1384 909 1422; x_wconf 77' lang='lat' dir='ltr'>vrnrrunt</span> <span class='ocrx_word' id='word_1_98' title='bbox 930 1395 1031 1422; x_wconf 90' lang='lat' dir='ltr'>cum</span> <span class='ocrx_word' id='word_1_99' title='bbox 1056 1384 1338 1423; x_wconf 72' lang='lat' dir='ltr'>sacramento</span> <span class='ocrx_word' id='word_1_100' title='bbox 1368 1381 1410 1422; x_wconf 92' lang='lat' dir='ltr'>iu</span> <span class='ocrx_word' id='word_1_101' title='bbox 1440 1394 1572 1435; x_wconf 83' lang='lat' dir='ltr'>possc</span> <span class='ocrx_word' id='word_1_102' title='bbox 1603 1381 1862 1437; x_wconf 73' lang='lat' dir='ltr'>Raymundi</span> <span class='ocrx_word' id='word_1_103' title='bbox 1890 1382 1945 1424; x_wconf 88' lang='lat' dir='ltr'>de</span> 
     </span>
     <span class='ocr_line' id='line_1_15' title="bbox 380 1452 1946 1507; baseline 0.001 -15"><span class='ocrx_word' id='word_1_104' title='bbox 380 1454 543 1493; x_wconf 61' lang='lat' dir='ltr'>Sancto</span> <span class='ocrx_word' id='word_1_105' title='bbox 571 1452 784 1493; x_wconf 80' lang='lat' dir='ltr'>Mauricio</span> <span class='ocrx_word' id='word_1_106' title='bbox 811 1456 855 1493; x_wconf 87' lang='lat' dir='ltr'>ct</span> <span class='ocrx_word' id='word_1_107' title='bbox 881 1453 1064 1493; x_wconf 76' lang='lat' dir='ltr'>dominc</span> <span class='ocrx_word' id='word_1_108' title='bbox 1092 1453 1358 1499; x_wconf 70' lang='lat' dir='ltr'>Alamanilo,</span> <span class='ocrx_word' id='word_1_109' title='bbox 1390 1455 1439 1494; x_wconf 89' lang='lat' dir='ltr'>ut</span> <span class='ocrx_word' id='word_1_110' title='bbox 1462 1455 1648 1507; x_wconf 75' lang='lat' dir='ltr'>possent</span> <span class='ocrx_word' id='word_1_111' title='bbox 1672 1452 1872 1507; x_wconf 84' lang='lat' dir='ltr'>judicare</span> <span class='ocrx_word' id='word_1_112' title='bbox 1901 1453 1946 1494; x_wconf 81' lang='lat' dir='ltr'>et</span> 
     </span>
     <span class='ocr_line' id='line_1_16' title="bbox 378 1523 1945 1578; baseline 0.002 -15"><span class='ocrx_word' id='word_1_113' title='bbox 378 1537 672 1578; x_wconf 73' lang='lat' dir='ltr'>componcrc.</span> <span class='ocrx_word' id='word_1_114' title='bbox 702 1524 825 1566; x_wconf 74' lang='lat' dir='ltr'>sicuil</span> <span class='ocrx_word' id='word_1_115' title='bbox 847 1524 910 1565; x_wconf 72' lang='lat' dir='ltr'>cis</span> <span class='ocrx_word' id='word_1_116' title='bbox 937 1524 1081 1565; x_wconf 76' lang='lat' dir='ltr'>visum</span> <span class='ocrx_word' id='word_1_117' title='bbox 1105 1527 1239 1567; x_wconf 79' lang='lat' dir='ltr'>essct.</span> <span class='ocrx_word' id='word_1_118' title='bbox 1265 1525 1319 1565; x_wconf 78' lang='grc'>(16</span> <span class='ocrx_word' id='word_1_119' title='bbox 1342 1523 1655 1578; x_wconf 72' lang='lat' dir='ltr'>querimoniis,</span> <span class='ocrx_word' id='word_1_120' title='bbox 1675 1537 1789 1578; x_wconf 84' lang='lat' dir='ltr'>quas</span> <span class='ocrx_word' id='word_1_121' title='bbox 1812 1523 1945 1566; x_wconf 80' lang='lat' dir='ltr'>facie-</span> 
     </span>
     <span class='ocr_line' id='line_1_17' title="bbox 382 1594 1946 1650; baseline 0.002 -15"><span class='ocrx_word' id='word_1_122' title='bbox 382 1595 488 1636; x_wconf 84' lang='lat' dir='ltr'>bant</span> <span class='ocrx_word' id='word_1_123' title='bbox 506 1595 574 1636; x_wconf 73' lang='lat' dir='ltr'>vel</span> <span class='ocrx_word' id='word_1_124' title='bbox 600 1594 743 1636; x_wconf 75' lang='lat' dir='ltr'>facere</span> <span class='ocrx_word' id='word_1_125' title='bbox 768 1598 976 1650; x_wconf 86' lang='lat' dir='ltr'>poterant</span> <span class='ocrx_word' id='word_1_126' title='bbox 995 1597 1050 1637; x_wconf 83' lang='lat' dir='ltr'>ad</span> <span class='ocrx_word' id='word_1_127' title='bbox 1073 1596 1280 1639; x_wconf 77' lang='lat' dir='ltr'>invicem.</span> <span class='ocrx_word' id='word_1_128' title='bbox 1307 1596 1361 1637; x_wconf 86' lang='grc'>(16</span> <span class='ocrx_word' id='word_1_129' title='bbox 1383 1598 1529 1637; x_wconf 88' lang='lat' dir='ltr'>castro</span> <span class='ocrx_word' id='word_1_130' title='bbox 1552 1596 1607 1636; x_wconf 86' lang='lat' dir='ltr'>de</span> <span class='ocrx_word' id='word_1_131' title='bbox 1628 1594 1875 1643; x_wconf 73' lang='lat' dir='ltr'>BreissaCQ</span> <span class='ocrx_word' id='word_1_132' title='bbox 1902 1598 1946 1638; x_wconf 89' lang='lat' dir='ltr'>et</span> 
     </span>
     <span class='ocr_line' id='line_1_18' title="bbox 378 1665 1945 1721; baseline 0.001 -15"><span class='ocrx_word' id='word_1_133' title='bbox 378 1666 432 1707; x_wconf 80' lang='grc'>(16</span> <span class='ocrx_word' id='word_1_134' title='bbox 461 1666 544 1707; x_wconf 88' lang='lat' dir='ltr'>hoc</span> <span class='ocrx_word' id='word_1_135' title='bbox 578 1667 699 1721; x_wconf 83' lang='lat' dir='ltr'>quod</span> <span class='ocrx_word' id='word_1_136' title='bbox 728 1667 958 1708; x_wconf 84' lang='lat' dir='ltr'>habebant</span> <span class='ocrx_word' id='word_1_137' title='bbox 987 1667 1030 1707; x_wconf 88' lang='lat' dir='ltr'>in</span> <span class='ocrx_word' id='word_1_138' title='bbox 1060 1666 1293 1721; x_wconf 75' lang='lat' dir='ltr'>parrochia</span> <span class='ocrx_word' id='word_1_139' title='bbox 1333 1666 1483 1708; x_wconf 71' lang='lat' dir='ltr'>Sancti</span> <span class='ocrx_word' id='word_1_140' title='bbox 1513 1665 1689 1707; x_wconf 85' lang='lat' dir='ltr'>Leoncii</span> <span class='ocrx_word' id='word_1_141' title='bbox 1717 1666 1773 1708; x_wconf 90' lang='lat' dir='ltr'>de</span> <span class='ocrx_word' id='word_1_142' title='bbox 1799 1665 1945 1708; x_wconf 88' lang='lat' dir='ltr'>Cassi-</span> 
     </span>
     <span class='ocr_line' id='line_1_19' title="bbox 378 1736 1939 1793; baseline 0.001 -16"><span class='ocrx_word' id='word_1_143' title='bbox 378 1736 503 1778; x_wconf 86' lang='lat' dir='ltr'>liaco.</span> <span class='ocrx_word' id='word_1_144' title='bbox 536 1737 588 1778; x_wconf 86' lang='lat' dir='ltr'>Et</span> <span class='ocrx_word' id='word_1_145' title='bbox 609 1737 925 1792; x_wconf 78' lang='lat' dir='ltr'>questionibus</span> <span class='ocrx_word' id='word_1_146' title='bbox 955 1738 1122 1780; x_wconf 84' lang='lat' dir='ltr'>auditis</span> <span class='ocrx_word' id='word_1_147' title='bbox 1149 1740 1193 1780; x_wconf 91' lang='lat' dir='ltr'>et</span> <span class='ocrx_word' id='word_1_148' title='bbox 1220 1737 1472 1779; x_wconf 86' lang='lat' dir='ltr'>rationibus</span> <span class='ocrx_word' id='word_1_149' title='bbox 1499 1738 1556 1779; x_wconf 89' lang='lat' dir='ltr'>ab</span> <span class='ocrx_word' id='word_1_150' title='bbox 1583 1740 1775 1792; x_wconf 83' lang='lat' dir='ltr'>utraque</span> <span class='ocrx_word' id='word_1_151' title='bbox 1796 1740 1939 1793; x_wconf 84' lang='lat' dir='ltr'>parte,</span> 
     </span>
     <span class='ocr_line' id='line_1_20' title="bbox 376 1808 1944 1864; baseline 0.001 -16"><span class='ocrx_word' id='word_1_152' title='bbox 376 1808 522 1849; x_wconf 89' lang='lat' dir='ltr'>dictus</span> <span class='ocrx_word' id='word_1_153' title='bbox 543 1809 838 1864; x_wconf 74' lang='lat' dir='ltr'>Raymundus</span> <span class='ocrx_word' id='word_1_154' title='bbox 861 1810 915 1851; x_wconf 91' lang='grc'>(16</span> <span class='ocrx_word' id='word_1_155' title='bbox 938 1810 1101 1851; x_wconf 79' lang='lat' dir='ltr'>Sancto</span> <span class='ocrx_word' id='word_1_156' title='bbox 1124 1809 1337 1850; x_wconf 78' lang='lat' dir='ltr'>Mauricio</span> <span class='ocrx_word' id='word_1_157' title='bbox 1360 1822 1463 1850; x_wconf 89' lang='lat' dir='ltr'>cum</span> <span class='ocrx_word' id='word_1_158' title='bbox 1484 1808 1669 1850; x_wconf 87' lang='lat' dir='ltr'>domina</span> <span class='ocrx_word' id='word_1_159' title='bbox 1689 1811 1833 1851; x_wconf 86' lang='lat' dir='ltr'>matre</span> <span class='ocrx_word' id='word_1_160' title='bbox 1861 1821 1944 1850; x_wconf 91' lang='lat' dir='ltr'>sua</span> 
     </span>
     <span class='ocr_line' id='line_1_21' title="bbox 379 1879 1940 1936; baseline 0.001 -16"><span class='ocrx_word' id='word_1_161' title='bbox 379 1879 598 1932; x_wconf 76' lang='lat' dir='ltr'>predicta,</span> <span class='ocrx_word' id='word_1_162' title='bbox 642 1880 870 1922; x_wconf 74' lang='lat' dir='ltr'>assidente</span> <span class='ocrx_word' id='word_1_163' title='bbox 908 1880 993 1921; x_wconf 84' lang='lat' dir='ltr'>sibi</span> <span class='ocrx_word' id='word_1_164' title='bbox 1033 1880 1218 1922; x_wconf 90' lang='lat' dir='ltr'>domino</span> <span class='ocrx_word' id='word_1_165' title='bbox 1259 1880 1528 1936; x_wconf 70' lang='lat' dir='ltr'>Raymundo</span> <span class='ocrx_word' id='word_1_166' title='bbox 1548 1880 1636 1935; x_wconf 83' lang='lat'>(1),</span> <span class='ocrx_word' id='word_1_167' title='bbox 1688 1879 1940 1922; x_wconf 89' lang='lat' dir='ltr'>Lodovensi</span> 
     </span>
     <span class='ocr_line' id='line_1_22' title="bbox 375 1950 1943 2007; baseline 0.003 -18"><span class='ocrx_word' id='word_1_168' title='bbox 375 1950 611 2005; x_wconf 75' lang='lat' dir='ltr'>episcope,</span> <span class='ocrx_word' id='word_1_169' title='bbox 655 1951 718 1993; x_wconf 86' lang='lat' dir='ltr'>ita</span> <span class='ocrx_word' id='word_1_170' title='bbox 760 1952 1015 2007; x_wconf 75' lang='lat' dir='ltr'>composuit</span> <span class='ocrx_word' id='word_1_171' title='bbox 1054 1953 1174 2007; x_wconf 85' lang='lat' dir='ltr'>quod</span> <span class='ocrx_word' id='word_1_172' title='bbox 1214 1951 1405 1993; x_wconf 77' lang='lat' dir='ltr'>Poneius</span> <span class='ocrx_word' id='word_1_173' title='bbox 1443 1951 1561 1993; x_wconf 80' lang='lat' dir='ltr'>Petri</span> <span class='ocrx_word' id='word_1_174' title='bbox 1596 1951 1833 1994; x_wconf 80' lang='lat' dir='ltr'>habuisset</span> <span class='ocrx_word' id='word_1_175' title='bbox 1867 1950 1943 1993; x_wconf 84' lang='lat' dir='ltr'>fir-</span> 
     </span>
     <span class='ocr_line' id='line_1_23' title="bbox 376 2022 1942 2079; baseline 0.001 -17"><span class='ocrx_word' id='word_1_176' title='bbox 376 2022 575 2063; x_wconf 85' lang='lat' dir='ltr'>mancias</span> <span class='ocrx_word' id='word_1_177' title='bbox 596 2035 755 2064; x_wconf 90' lang='lat' dir='ltr'>omnes</span> <span class='ocrx_word' id='word_1_178' title='bbox 777 2025 820 2064; x_wconf 85' lang='lat' dir='ltr'>et</span> <span class='ocrx_word' id='word_1_179' title='bbox 839 2023 1042 2079; x_wconf 82' lang='lat' dir='ltr'>justicias</span> <span class='ocrx_word' id='word_1_180' title='bbox 1073 2024 1212 2065; x_wconf 88' lang='lat' dir='ltr'>tocius</span> <span class='ocrx_word' id='word_1_181' title='bbox 1240 2023 1474 2078; x_wconf 88' lang='lat' dir='ltr'>parrochie</span> <span class='ocrx_word' id='word_1_182' title='bbox 1504 2023 1656 2065; x_wconf 81' lang='lat' dir='ltr'>Sancti</span> <span class='ocrx_word' id='word_1_183' title='bbox 1682 2022 1861 2065; x_wconf 89' lang='lat' dir='ltr'>Leoncii</span> <span class='ocrx_word' id='word_1_184' title='bbox 1887 2023 1942 2065; x_wconf 90' lang='lat' dir='ltr'>de</span> 
     </span>
     <span class='ocr_line' id='line_1_24' title="bbox 375 2093 1942 2150; baseline 0.002 -17"><span class='ocrx_word' id='word_1_185' title='bbox 375 2093 629 2141; x_wconf 84' lang='lat' dir='ltr'>Cassiliaco,</span> <span class='ocrx_word' id='word_1_186' title='bbox 663 2096 706 2135; x_wconf 81' lang='lat' dir='ltr'>et</span> <span class='ocrx_word' id='word_1_187' title='bbox 734 2097 905 2136; x_wconf 87' lang='lat' dir='ltr'>teneret</span> <span class='ocrx_word' id='word_1_188' title='bbox 933 2097 1078 2136; x_wconf 89' lang='lat' dir='ltr'>totum</span> <span class='ocrx_word' id='word_1_189' title='bbox 1100 2095 1186 2136; x_wconf 88' lang='lat' dir='ltr'>hoc</span> <span class='ocrx_word' id='word_1_190' title='bbox 1205 2108 1232 2136; x_wconf 90' lang='lat' dir='ltr'>a</span> <span class='ocrx_word' id='word_1_191' title='bbox 1252 2095 1522 2150; x_wconf 83' lang='lat' dir='ltr'>Raymundo</span> <span class='ocrx_word' id='word_1_192' title='bbox 1545 2094 1599 2136; x_wconf 89' lang='lat' dir='ltr'>de</span> <span class='ocrx_word' id='word_1_193' title='bbox 1621 2093 1872 2148; x_wconf 80' lang='lat' dir='ltr'>Rocafolio;</span> <span class='ocrx_word' id='word_1_194' title='bbox 1898 2097 1942 2136; x_wconf 83' lang='lat' dir='ltr'>et</span> 
     </span>
     <span class='ocr_line' id='line_1_25' title="bbox 375 2164 1936 2221; baseline 0.002 -17"><span class='ocrx_word' id='word_1_195' title='bbox 375 2164 528 2206; x_wconf 85' lang='lat' dir='ltr'>omnia</span> <span class='ocrx_word' id='word_1_196' title='bbox 562 2165 676 2212; x_wconf 77' lang='lat' dir='ltr'>alia,</span> <span class='ocrx_word' id='word_1_197' title='bbox 713 2166 767 2207; x_wconf 90' lang='grc'>(16</span> <span class='ocrx_word' id='word_1_198' title='bbox 799 2166 964 2220; x_wconf 85' lang='lat' dir='ltr'>quibus</span> <span class='ocrx_word' id='word_1_199' title='bbox 994 2166 1185 2208; x_wconf 87' lang='lat' dir='ltr'>Poncius</span> <span class='ocrx_word' id='word_1_200' title='bbox 1214 2166 1331 2208; x_wconf 86' lang='lat' dir='ltr'>Petri</span> <span class='ocrx_word' id='word_1_201' title='bbox 1354 2166 1582 2221; x_wconf 83' lang='lat' dir='ltr'>predictus</span> <span class='ocrx_word' id='word_1_202' title='bbox 1604 2165 1936 2221; x_wconf 87' lang='lat' dir='ltr'>querimoniam</span> 
     </span>
     <span class='ocr_line' id='line_1_26' title="bbox 375 2233 1584 2292; baseline 0.002 -18"><span class='ocrx_word' id='word_1_203' title='bbox 375 2233 580 2283; x_wconf 77' lang='lat' dir='ltr'>faciebat,</span> <span class='ocrx_word' id='word_1_204' title='bbox 608 2235 693 2290; x_wconf 88' lang='lat' dir='ltr'>ipsi</span> <span class='ocrx_word' id='word_1_205' title='bbox 716 2236 987 2292; x_wconf 76' lang='lat' dir='ltr'>Raymundo</span> <span class='ocrx_word' id='word_1_206' title='bbox 1008 2238 1062 2279; x_wconf 88' lang='lat' dir='ltr'>de</span> <span class='ocrx_word' id='word_1_207' title='bbox 1092 2237 1321 2279; x_wconf 80' lang='lat' dir='ltr'>Rocafolio</span> <span class='ocrx_word' id='word_1_208' title='bbox 1340 2239 1493 2278; x_wconf 88' lang='lat' dir='ltr'>essent</span> <span class='ocrx_word' id='word_1_209' title='bbox 1508 2237 1584 2291; x_wconf 73' lang='lat'>(⁶2).</span> 
     </span>
    </p>

    <p class='ocr_par' dir='ltr' id='par_1_7' title="bbox 367 2306 1939 2793">
     <span class='ocr_line' id='line_1_27' title="bbox 431 2306 1939 2364; baseline 0.003 -18"><span class='ocrx_word' id='word_1_210' title='bbox 431 2306 540 2347; x_wconf 81' lang='lat' dir='ltr'>Item</span> <span class='ocrx_word' id='word_1_211' title='bbox 582 2307 696 2349; x_wconf 78' lang='lat' dir='ltr'>dixit</span> <span class='ocrx_word' id='word_1_212' title='bbox 739 2309 861 2362; x_wconf 87' lang='lat' dir='ltr'>quod</span> <span class='ocrx_word' id='word_1_213' title='bbox 897 2308 1043 2350; x_wconf 87' lang='lat' dir='ltr'>dictus</span> <span class='ocrx_word' id='word_1_214' title='bbox 1090 2309 1388 2364; x_wconf 74' lang='lat' dir='ltr'>Raymundus</span> <span class='ocrx_word' id='word_1_215' title='bbox 1427 2310 1482 2350; x_wconf 87' lang='lat' dir='ltr'>de</span> <span class='ocrx_word' id='word_1_216' title='bbox 1523 2310 1687 2350; x_wconf 75' lang='lat' dir='ltr'>Sancto</span> <span class='ocrx_word' id='word_1_217' title='bbox 1722 2308 1939 2350; x_wconf 84' lang='lat' dir='ltr'>Mauricio</span> 
     </span>
     <span class='ocr_line' id='line_1_28' title="bbox 370 2378 1938 2436; baseline 0.003 -18"><span class='ocrx_word' id='word_1_218' title='bbox 370 2391 471 2419; x_wconf 82' lang='lat' dir='ltr'>cum</span> <span class='ocrx_word' id='word_1_219' title='bbox 495 2378 695 2432; x_wconf 76' lang='lat' dir='ltr'>predicta</span> <span class='ocrx_word' id='word_1_220' title='bbox 722 2380 999 2434; x_wconf 87' lang='lat' dir='ltr'>composuit,</span> <span class='ocrx_word' id='word_1_221' title='bbox 1036 2394 1115 2435; x_wconf 89' lang='lat' dir='ltr'>per</span> <span class='ocrx_word' id='word_1_222' title='bbox 1147 2393 1373 2426; x_wconf 78' lang='lat' dir='ltr'>amorem,</span> <span class='ocrx_word' id='word_1_223' title='bbox 1399 2381 1521 2435; x_wconf 86' lang='lat' dir='ltr'>quod</span> <span class='ocrx_word' id='word_1_224' title='bbox 1556 2381 1853 2436; x_wconf 82' lang='lat' dir='ltr'>Raymundus</span> <span class='ocrx_word' id='word_1_225' title='bbox 1883 2381 1938 2422; x_wconf 86' lang='lat' dir='ltr'>de</span> 
     </span>
     <span class='ocr_line' id='line_1_29' title="bbox 371 2448 1937 2506; baseline 0.003 -18"><span class='ocrx_word' id='word_1_226' title='bbox 371 2448 597 2491; x_wconf 66' lang='lat' dir='ltr'>ltcmafoiio</span> <span class='ocrx_word' id='word_1_227' title='bbox 635 2450 824 2492; x_wconf 84' lang='lat' dir='ltr'>haberet</span> <span class='ocrx_word' id='word_1_228' title='bbox 862 2451 986 2493; x_wconf 89' lang='lat' dir='ltr'>illam</span> <span class='ocrx_word' id='word_1_229' title='bbox 1027 2454 1201 2506; x_wconf 78' lang='lat' dir='ltr'>partem</span> <span class='ocrx_word' id='word_1_230' title='bbox 1237 2451 1370 2493; x_wconf 81' lang='lat' dir='ltr'>castri</span> <span class='ocrx_word' id='word_1_231' title='bbox 1410 2452 1465 2493; x_wconf 88' lang='grc'>(16</span> <span class='ocrx_word' id='word_1_232' title='bbox 1504 2451 1763 2499; x_wconf 71' lang='lat' dir='ltr'>Breissaoe,</span> <span class='ocrx_word' id='word_1_233' title='bbox 1800 2463 1937 2506; x_wconf 83' lang='lat' dir='ltr'>quam</span> 
     </span>
     <span class='ocr_line' id='line_1_30' title="bbox 370 2519 1937 2577; baseline 0.003 -18"><span class='ocrx_word' id='word_1_234' title='bbox 370 2519 515 2561; x_wconf 68' lang='lat' dir='ltr'>cidem</span> <span class='ocrx_word' id='word_1_235' title='bbox 558 2521 826 2577; x_wconf 71' lang='lat' dir='ltr'>Raymundo</span> <span class='ocrx_word' id='word_1_236' title='bbox 872 2536 974 2563; x_wconf 90' lang='lat' dir='ltr'>cum</span> <span class='ocrx_word' id='word_1_237' title='bbox 1010 2522 1196 2564; x_wconf 85' lang='lat' dir='ltr'>domina</span> <span class='ocrx_word' id='word_1_238' title='bbox 1238 2523 1403 2564; x_wconf 77' lang='lat' dir='ltr'>Vierna</span> <span class='ocrx_word' id='word_1_239' title='bbox 1442 2525 1486 2565; x_wconf 89' lang='lat' dir='ltr'>et</span> <span class='ocrx_word' id='word_1_240' title='bbox 1523 2522 1766 2565; x_wconf 88' lang='lat' dir='ltr'>Guillelmo</span> <span class='ocrx_word' id='word_1_241' title='bbox 1805 2523 1937 2564; x_wconf 80' lang='lat' dir='ltr'>Petro</span> 
     </span>
     <span class='ocr_line' id='line_1_31' title="bbox 369 2591 1937 2648; baseline 0.002 -17"><span class='ocrx_word' id='word_1_242' title='bbox 369 2591 695 2643; x_wconf 63' lang='lat' dir='ltr'>assignaverat,</span> <span class='ocrx_word' id='word_1_243' title='bbox 724 2596 767 2634; x_wconf 87' lang='lat' dir='ltr'>et</span> <span class='ocrx_word' id='word_1_244' title='bbox 797 2593 1013 2635; x_wconf 88' lang='lat' dir='ltr'>terminos</span> <span class='ocrx_word' id='word_1_245' title='bbox 1044 2597 1255 2648; x_wconf 83' lang='lat' dir='ltr'>posucrat</span> <span class='ocrx_word' id='word_1_246' title='bbox 1282 2594 1567 2635; x_wconf 78' lang='lat' dir='ltr'>Bermundus</span> <span class='ocrx_word' id='word_1_247' title='bbox 1594 2595 1650 2636; x_wconf 86' lang='lat' dir='ltr'>de</span> <span class='ocrx_word' id='word_1_248' title='bbox 1679 2593 1828 2641; x_wconf 84' lang='lat' dir='ltr'>Salve,</span> <span class='ocrx_word' id='word_1_249' title='bbox 1859 2593 1937 2648; x_wconf 87' lang='lat' dir='ltr'>qui</span> 
     </span>
     <span class='ocr_line' id='line_1_32' title="bbox 374 2664 1936 2721; baseline 0.001 -18"><span class='ocrx_word' id='word_1_250' title='bbox 374 2666 477 2703; x_wconf 82' lang='lat' dir='ltr'>tunc</span> <span class='ocrx_word' id='word_1_251' title='bbox 506 2666 601 2704; x_wconf 84' lang='lat' dir='ltr'>erat</span> <span class='ocrx_word' id='word_1_252' title='bbox 634 2664 810 2719; x_wconf 82' lang='lat' dir='ltr'>bajulus</span> <span class='ocrx_word' id='word_1_253' title='bbox 846 2665 1017 2706; x_wconf 84' lang='lat' dir='ltr'>domini</span> <span class='ocrx_word' id='word_1_254' title='bbox 1050 2665 1304 2721; x_wconf 64' lang='lat' dir='ltr'>Raymundi</span> <span class='ocrx_word' id='word_1_255' title='bbox 1335 2665 1533 2711; x_wconf 82' lang='lat' dir='ltr'>comitis,</span> <span class='ocrx_word' id='word_1_256' title='bbox 1565 2678 1667 2707; x_wconf 90' lang='lat' dir='ltr'>cum</span> <span class='ocrx_word' id='word_1_257' title='bbox 1695 2664 1936 2707; x_wconf 88' lang='lat' dir='ltr'>Guillelmo</span> 
     </span>
     <span class='ocr_line' id='line_1_33' title="bbox 367 2735 1932 2793; baseline 0.003 -20"><span class='ocrx_word' id='word_1_258' title='bbox 367 2735 422 2775; x_wconf 68' lang='lat' dir='ltr'>‹lr</span> <span class='ocrx_word' id='word_1_259' title='bbox 457 2735 678 2779; x_wconf 64' lang='lat' dir='ltr'>Sabi-ano.</span> <span class='ocrx_word' id='word_1_260' title='bbox 712 2739 755 2777; x_wconf 79' lang='lat' dir='ltr'>et</span> <span class='ocrx_word' id='word_1_261' title='bbox 783 2737 1053 2792; x_wconf 79' lang='lat' dir='ltr'>Raymundo</span> <span class='ocrx_word' id='word_1_262' title='bbox 1082 2738 1136 2778; x_wconf 87' lang='grc'>(16</span> <span class='ocrx_word' id='word_1_263' title='bbox 1166 2738 1385 2783; x_wconf 68' lang='lat' dir='ltr'>Sabrano,</span> <span class='ocrx_word' id='word_1_264' title='bbox 1417 2740 1461 2779; x_wconf 88' lang='lat' dir='ltr'>et</span> <span class='ocrx_word' id='word_1_265' title='bbox 1490 2738 1618 2779; x_wconf 83' lang='lat' dir='ltr'>Petro</span> <span class='ocrx_word' id='word_1_266' title='bbox 1646 2738 1932 2793; x_wconf 82' lang='lat' dir='ltr'>RaymundO,</span> 
     </span>
    </p>
   </div>
   <div class='ocr_carea' id='block_1_6' title="bbox 414 2872 1691 2979">
    <p class='ocr_par' dir='ltr' id='par_1_8' title="bbox 414 2872 1691 2979">
     <span class='ocr_line' id='line_1_34' title="bbox 414 2872 1593 2920; baseline 0.003 -15"><span class='ocrx_word' id='word_1_267' title='bbox 414 2885 416 2901; x_wconf 69' lang='grc' dir='ltr'><em>ι</em></span> <span class='ocrx_word' id='word_1_268' title='bbox 434 2874 462 2913; x_wconf 91' lang='lat'>1)</span> <span class='ocrx_word' id='word_1_269' title='bbox 493 2872 697 2907; x_wconf 68' lang='lat' dir='ltr'>Raiinond</span> <span class='ocrx_word' id='word_1_270' title='bbox 717 2873 909 2912; x_wconf 68' lang='lat' dir='ltr'>Guilleni,</span> <span class='ocrx_word' id='word_1_271' title='bbox 930 2874 1090 2920; x_wconf 56' lang='lat' dir='ltr'>ovoque</span> <span class='ocrx_word' id='word_1_272' title='bbox 1110 2873 1158 2909; x_wconf 82' lang='lat' dir='ltr'>‹lc</span> <span class='ocrx_word' id='word_1_273' title='bbox 1180 2873 1354 2915; x_wconf 63' lang='lat' dir='ltr'>Lodeve,</span> <span class='ocrx_word' id='word_1_274' title='bbox 1373 2874 1593 2909; x_wconf 64' lang='lat' dir='ltr'>ilas-1201.</span> 
     </span>
     <span class='ocr_line' id='line_1_35' title="bbox 417 2930 1691 2979; baseline 0.002 -15"><span class='ocrx_word' id='word_1_275' title='bbox 417 2930 462 2978; x_wconf 67' lang='grc'><strong>(2]</strong></span> <span class='ocrx_word' id='word_1_276' title='bbox 495 2932 619 2966; x_wconf 55' lang='lat' dir='ltr'>Cart:</span> <span class='ocrx_word' id='word_1_277' title='bbox 645 2931 691 2965; x_wconf 61' lang='lat' dir='ltr'>‹le›</span> <span class='ocrx_word' id='word_1_278' title='bbox 716 2933 920 2978; x_wconf 71' lang='lat' dir='ltr'>Roeal&#39;ulio</span> <span class='ocrx_word' id='word_1_279' title='bbox 944 2937 1071 2968; x_wconf 75' lang='lat' dir='ltr'>essent</span> <span class='ocrx_word' id='word_1_280' title='bbox 1095 2935 1140 2968; x_wconf 81' lang='lat' dir='ltr'>R.</span> <span class='ocrx_word' id='word_1_281' title='bbox 1164 2933 1211 2968; x_wconf 80' lang='lat' dir='ltr'>{Ie</span> <span class='ocrx_word' id='word_1_282' title='bbox 1235 2933 1438 2979; x_wconf 71' lang='lat' dir='ltr'>Rocafolio</span> <span class='ocrx_word' id='word_1_283' title='bbox 1460 2933 1554 2969; x_wconf 75' lang='lat' dir='ltr'>item</span> <span class='ocrx_word' id='word_1_284' title='bbox 1574 2933 1691 2968; x_wconf 74' lang='lat' dir='ltr'>dixit.</span> 
     </span>
    </p>
   </div>
  </div>
 </body>
</html>
