2070 3486
793 339 846 343 —
881 314 936 356 83
973 341 1023 345 -

131 410 444 464 possederunt,
477 408 555 450 tibi
585 408 703 450 dicto
732 408 917 450 domino
946 408 1229 463 V[uillelmo]
1257 410 1311 451 de
1340 409 1576 456 Altiniaco‚
1607 409 1697 450 Ma-

127 480 359 536 galonensi
397 479 630 535 episcopo,
681 482 723 521 et
757 479 970 520 omnibus
1006 480 1340 523 successoribus
1380 480 1488 528 tuis,
1520 481 1693 523 donO...

130 551 273 607 tytulo
296 549 641 606 permutationis
669 552 713 591 et
740 549 954 591 escambii
978 564 1056 605 pro
1087 551 1342 605 supradicta
1372 551 1519 597 vinea,
1552 553 1595 592 et
1616 564 1696 606 pro

128 622 338 677 predictis
371 621 530 663 mediis
552 621 724 676 quartis
746 634 772 662 a
802 623 857 667 te,
894 621 1012 662 dicto
1040 622 1225 663 domino
1247 622 1552 677 Magaloncnsi
1580 622 1694 676 epis-

127 706 255 748 copo,
288 692 495 748 superius
533 692 577 733 in
626 691 806 734 nomine
853 692 1067 733 escambii
1102 692 1252 735 datis:
1302 696 1344 734 et
1383 707 1435 734 ea
1473 692 1623 734 omnia
1651 695 1696 734 et

129 764 304 819 singula
347 764 391 805 in
438 766 479 805 te
525 767 568 805 et
613 776 895 805 successores
935 766 1036 805 tuos
1080 766 1297 818 perpetuo
1345 764 1697 806 irrevocabiliter

129 835 365 883 transfero,
397 848 477 890 per
503 848 575 877 me
604 838 647 876 et
675 848 755 890 per
776 848 935 876 omnes
963 835 1152 876 heredes
1173 838 1215 876 et
1244 849 1523 877 successores
1551 849 1691 880 meos,

127 907 183 949 ad
212 920 371 948 omnes
400 906 657 948 voluntates
684 908 859 947 vestras
881 905 1081 960 plenarie
1108 905 1348 950 faciendas,
1379 907 1550 961 absque
1573 906 1696 948 omni

129 990 229 1019 mea
258 990 553 1032 meorumque
578 976 891 1031 inquietudine
914 979 953 1018 et
986 976 1256 1018 retencione.

187 1048 238 1090 Et
261 1062 358 1094 nos,
390 1048 617 1102 predictus
639 1047 924 1090 Guillelmus,
957 1047 1033 1089 Dei
1057 1048 1198 1101 gratia
1227 1048 1559 1101 Magalonensis
1581 1048 1697 1103 epis-

127 1132 287 1174 copus,
320 1122 364 1161 et
401 1119 630 1161 Jobaniies
666 1120 912 1161 Boccados.
952 1119 1103 1160 omnia
1132 1119 1333 1173 predicta
1366 1123 1407 1161 ct
1436 1120 1612 1173 singula
1639 1121 1694 1161 ad

127 1190 321 1233 invicem
350 1190 585 1232 laudantes
613 1193 657 1232 et
683 1189 1022 1238 confirmantes,
1045 1193 1089 1231 et
1115 1191 1170 1232 de
1192 1189 1405 1245 predictis
1427 1190 1690 1239 honoribus,

127 1264 171 1303 et
196 1261 383 1307 octavis,
411 1275 490 1303 scu
523 1261 682 1303 mediis
713 1261 902 1316 quartis,
939 1274 1020 1302 nos
1044 1261 1284 1303 mutuatim
1316 1275 1602 1317 possessores
1625 1262 1693 1303 vel

127 1332 257 1388 quasi
300 1345 585 1387 possessores
614 1332 956 1379 constituentes,
998 1335 1041 1374 et
1069 1332 1422 1387 possessionem,
1467 1333 1537 1374 vel
1566 1333 1694 1388 quasi

128 1403 463 1459 possessionem
492 1417 646 1445 eorum
677 1417 763 1458 que
792 1404 846 1445 ad
884 1403 1076 1445 invicem
1101 1417 1180 1458 pro
1209 1404 1436 1446 escambio
1468 1404 1691 1447 dedimus,

126 1475 240 1517 alter
275 1475 321 1516 in
354 1475 545 1517 alterum
589 1475 932 1523 transferentes,
972 1474 1280 1530 promittimus
1318 1478 1362 1517 et
1399 1476 1695 1517 convenimus

108 1546 320 1605 'quisque
347 1546 473 1588 alteri
495 1560 573 1601 per
600 1546 956 1601 stipulationem,
987 1546 1109 1601 quod
1136 1546 1289 1588 omnia
1310 1546 1508 1601 predicta
1536 1550 1579 1588 et.
1608 1547 1696 1588 sin—

125 1618 246 1672 gula,
291 1617 414 1660 sicud
455 1618 513 1659 ab
549 1617 689 1659 altero
718 1617 780 1671 (1)
815 1620 1021 1659 nostrum
1058 1616 1187 1659 alteri
1221 1631 1302 1672 pro
1336 1618 1562 1659 escambio
1591 1618 1695 1659 data

126 1692 246 1736 sunt,
280 1688 496 1731 faciemus
524 1689 637 1731 alter
662 1689 852 1730 alterum
878 1701 1058 1744 semper
1078 1689 1243 1730 habere
1273 1691 1317 1731 et
1346 1693 1495 1731 tenere
1524 1689 1689 1744 quiete,

126 1760 184 1802 ab
216 1759 339 1802 omni
377 1760 709 1802 contradicente
745 1759 841 1815 jure
880 1758 1231 1807 (leffcndemus;
1272 1763 1315 1802 et
1352 1774 1434 1815 pro
1468 1760 1693 1802 eviccione

126 1830 372 1872 universali
408 1834 452 1872 et
489 1830 762 1886 particulari,
805 1831 841 1872 si
880 1831 991 1872 forte
1033 1829 1076 1871 in
1118 1830 1270 1886 aliquo
1304 1844 1460 1873 eorum
1497 1845 1584 1886 que
1613 1845 1694 1886 ego

126 1901 272 1944 dictus
317 1901 650 1956 G[uillelmus].
697 1900 1032 1956 Magalonensis
1078 1900 1340 1957 episcopus,
1387 1901 1467 1944 tibi
1500 1901 1695 1944 Johanni

126 1973 351 2015 Boccados
390 1986 471 2028 pro
511 1973 739 2015 escambio
779 1973 904 2021 dedi,
948 1972 1047 2015 fieri
1087 1972 1341 2028 contingat,
1387 1974 1540 2016 omnia
1577 1974 1695 2015 bona

126 2044 458 2099 Magalonensis
485 2044 772 2100 episcopatus
803 2044 880 2086 tibi
919 2047 963 2085 et
1000 2043 1088 2085 tuis
1126 2043 1268 2086 teneri
1296 2046 1338 2086 et
1366 2044 1564 2100 obligata
1597 2058 1695 2086 esse

128 2115 247 2160 volO.

185 2187 238 2228 Et
271 2186 478 2230 similiter
509 2201 590 2243 pro
618 2187 843 2230 eviccione
875 2187 1119 2230 universali
1142 2190 1186 2229 et
1211 2187 1485 2243 particulari.
1518 2188 1552 2230 si
1582 2188 1694 2230 forte

127 2257 173 2299 in
211 2257 363 2313 aliquo
399 2272 554 2300 eorum
590 2273 677 2314 que
706 2273 788 2313 ego
823 2259 1054 2301 Johannes
1081 2258 1307 2301 Boccados
1345 2273 1426 2314 pro
1466 2258 1693 2302 escambio

127 2329 245 2377 dedi,
276 2328 372 2371 fieri
394 2329 638 2384 contingat,
664 2330 817 2372 omnia
844 2331 963 2372 bona
989 2333 1033 2372 et
1057 2330 1158 2386 jura
1185 2343 1301 2379 mea,
1328 2331 1513 2372 mobilia
1541 2333 1585 2373 et
1611 2330 1693 2372 im-

127 2400 327 2449 mobilia,
351 2401 583 2456 presencia
603 2404 647 2443 et
668 2401 833 2449 futura,
866 2401 945 2443 tibi
967 2404 1011 2443 et
1033 2401 1121 2443 tuis
1142 2401 1284 2443 teneri
1305 2404 1349 2444 et
1371 2402 1569 2456 obligata
1595 2416 1693 2444 esse

128 2471 248 2514 volo.

186 2543 296 2586 Item
337 2558 447 2599 egO,
491 2544 636 2587 dictus
675 2545 1009 2600 G[uillelmus]‚
1054 2546 1132 2589 Dei
1171 2546 1316 2602 gratia
1362 2546 1695 2602 Magalonensis

94 2659 98 2664 ,
127 2614 387 2670 episcopus,
426 2629 505 2670 per
532 2629 604 2658 me
643 2620 687 2658 et
715 2630 793 2671 per
818 2630 977 2659 omnes
1021 2631 1301 2660 successores
1345 2631 1485 2661 meos.
1517 2621 1561 2660 et
1592 2632 1689 2672 ego,

127 2685 272 2728 dictus
296 2686 525 2729 ,lohannes
554 2688 799 2735 Boccados,
841 2702 919 2743 per
946 2702 1018 2730 me
1050 2692 1095 2731 et
1132 2703 1210 2744 per
1237 2702 1396 2731 omnes
1434 2689 1622 2731 heredes
1650 2691 1691 2730 et

125 2770 406 2800 successores
442 2761 638 2807 nostros,
675 2759 788 2800 alter
813 2759 939 2801 alteri
975 2773 1055 2815 per
1093 2760 1432 2815 stipulationem
1467 2760 1690 2815 promitti-

128 2841 256 2875 mus,
290 2830 410 2884 quod
452 2843 685 2884 nunquam
722 2833 876 2873 contra
911 2831 1108 2885 predicta
1147 2831 1375 2874 escambia
1417 2832 1485 2873 vel
1523 2831 1693 2887 aliquid

175 2983 225 3030 (1)
252 2983 377 3019 Ca1·t.:
402 2983 538 3019 alteri.
