2070 3486
991 292 1045 297 —
1080 268 1165 309 602
1198 293 1255 298 —

845 452 964 486 DXL.
996 472 1037 476 —
1066 453 1088 486 ἵ)
1115 451 1282 487 octobre
1312 453 1403 488 1:244

344 568 600 614 Quittanee
622 568 680 602 de
705 566 727 601 1
741 567 804 602 15
824 567 974 602 livres
995 568 1252 613 melgoires
1273 568 1389 603 faite
1416 579 1507 613 par·
1536 568 1813 605 Guillaume
1844 570 1904 606 de

390 627 589 672 Ganges
610 627 639 661 a
659 627 859 662 Maur-in
880 627 939 662 de
961 626 1320 671 Gombaillaux‚
1348 630 1572 664 montant
1590 629 1649 664 de
1669 629 1905 666 l’amende

391 685 587 731 infligee
608 696 732 730 pour
753 695 849 720 une
871 685 1056 721 offense
1076 695 1254 721 envers
1275 686 1320 721 le
1340 686 1481 732 bayle
1502 687 1561 722 de
1583 687 1762 723 Sauve.

400 793 529 833 Anno
557 793 614 833 nb
650 792 963 833 incarnacione
994 792 1170 833 Domini
1202 792 1441 833 millesimo
1469 793 1777 835 ducentesimo
1796 807 1906 848 qua-

340 863 593 916 dragesimo
628 865 803 917 quurlo,
844 862 1053 905 videlieet
1095 863 1287 918 septimo
1322 863 1422 905 idus
1458 863 1669 910 octobris,
1719 863 1903 907 domino

342 933 567 975 Ludovico
598 948 697 987 rege
728 935 1000 975 Francorum
1025 937 1253 989 regnante,
1283 948 1364 987 ego
1386 933 1655 976 Gnillelmus
1678 935 1733 977 de
1755 935 1903 990 Agan-

341 1005 478 1046 tico...
527 1018 795 1059 recognosco
841 1005 919 1046 tibi
965 1005 1170 1046 Mani-ino
1210 1006 1264 1046 (le
1313 1004 1609 1053 ComballolS,
1658 1005 1902 1048 castellano

340 1075 721 1120 Montisferranili,
750 1077 931 1117 nomine
955 1079 1030 1118 tuo
1058 1079 1101 1118 et
1129 1076 1311 1117 nomine
1340 1076 1511 1117 domini
1533 1076 1732 1132 episcopi
1755 1077 1904 1132 Maga-

341 1147 539 1188 lonensis
557 1161 635 1202 pro
658 1147 755 1202 ipso
778 1147 1024 1202 recipienti,
1050 1161 1119 1189 me
1142 1147 1371 1194 habuisse,
1396 1161 1660 1190 numerasse
1682 1150 1726 1189 et
1747 1161 1905 1190 nume-

340 1219 480 1259 rando
502 1218 723 1273 recepisse
745 1233 772 1259 u
793 1221 850 1263 te,
879 1219 1060 1261 nomine
1077 1218 1248 1260 domini
1271 1218 1433 1261 odardi
1455 1219 1510 1260 de
1529 1218 1729 1266 Villario,
1755 1232 1905 1261 senes-

337 1290 435 1331 calli
456 1289 687 1331 Bellichri
709 1293 752 1331 et
774 1290 1001 1336 Nemausi,
1022 1293 1065 1332 et
1089 1291 1301 1331 mandalo
1319 1289 1416 1345 ejus
1438 1304 1670 1345 expresso,
1697 1289 1905 1333 videlicet

337 1365 518 1403 centum
542 1361 678 1403 libras
702 1361 1037 1416 melgorienses,
1064 1362 1323 1416 etamplius
1346 1361 1603 1416 quindecim
1629 1361 1766 1403 libras
1796 1362 1904 1404 mel-

336 1433 566 1487 gorienses
604 1447 683 1487 pro
713 1433 926 1487 expensis
956 1433 1103 1480 factis;
1152 1446 1289 1488 quam
1329 1446 1557 1475 summam
1587 1433 1774 1488 pecunie
1803 1446 1903 1488 pre-

336 1504 500 1545 dictam
532 1506 577 1545 tu
606 1518 705 1545 eam
734 1505 931 1546 debebas
952 1504 1153 1559 predicto
1175 1504 1359 1546 domiuo
1381 1504 1643 1551 senescallo,
1668 1504 1901 1546 occasione

336 1575 509 1617 offense
550 1576 668 1617 illins
698 1589 784 1630 que
824 1575 907 1618 fuit
948 1575 1079 1620 facta,
1122 1589 1202 1631 per
1242 1579 1282 1617 te
1322 1578 1365 1617 et
1404 1589 1484 1630 per
1521 1575 1725 1618 homines
1761 1576 1901 1618 Vallis

338 1646 718 1693 ixslontisrerrandi,
769 1647 936 1695 Mileto,
974 1647 1126 1702 bajulo
1167 1647 1405 1699 Salviensi,
1452 1661 1532 1702 pro
1574 1646 1758 1689 domino
1798 1660 1902 1703 rege

335 1719 630 1769 Francorum3
653 1719 715 1760 ita.
736 1720 855 1773 quod
878 1718 922 1759 in
943 1719 1006 1761 eis
1023 1719 1147 1760 omni
1165 1718 1425 1773 excepcioni
1445 1721 1490 1760 et
1510 1732 1726 1773 expresse
1740 1732 1902 1774 excep—

334 1790 448 1832 cioni
482 1803 570 1831 non
608 1793 843 1832 numerate
871 1793 915 1832 et
941 1804 1033 1832 non
1061 1794 1235 1846 recepte
1263 1790 1450 1845 pecunie
1478 1789 1658 1845 penitus
1688 1790 1901 1832 renuncio

334 1862 377 1902 in
407 1862 490 1903 hoc
516 1861 632 1904 facto
651 1863 706 1903 de
734 1862 967 1917 predictis;
999 1862 1060 1903 ita
1087 1862 1225 1916 quod,
1258 1862 1350 1916 [de]
1381 1864 1560 1903 centum
1585 1861 1709 1903 libris
1732 1861 1901 1917 melgo-

334 1932 557 1974 riensibus
586 1935 627 1974 et
656 1934 710 1975 de
739 1933 948 1988 predictis
975 1933 1232 1988 quindecim
1261 1932 1386 1974 libris
1414 1932 1790 1987 melgoriensibus
1818 1946 1898 1991 [πρ

335 2004 548 2059 expensis
591 2004 737 2052 factis,
786 2007 828 2046 te
876 2004 1099 2059 prefatum
1140 2005 1397 2046 Maurinum
1442 2005 1496 2045 de
1538 2002 1820 2046 Comballols
1854 2007 1899 2046 et

334 2079 451 2123 tuos,
477 2078 521 2117 et
547 2090 626 2131 per
655 2078 695 2117 te
717 2075 953 2117 (lominum
979 2076 1239 2130 episcopum
1266 2076 1650 2130 Magalonensem,
1676 2077 1720 2117 et
1739 2089 1898 2117 omnes

334 2146 623 2201 fidejussores
666 2150 792 2197 tuos,
830 2150 873 2189 et
913 2147 1167 2202 specialiter
1207 2148 1254 2189 n.
1299 2147 1619 2194 Gaucelmum,
1661 2147 1897 2189 dominum

334 2218 529 2265 Lunelli,
562 2221 605 2260 et
637 2219 791 2261 omnia
824 2220 943 2261 bona
964 2219 1187 2274 ipsorum,
1224 2222 1268 2260 et
1297 2219 1396 2274 jura
1427 2218 1658 2273 presencia
1686 2221 1729 2260 et
1750 2217 1900 2260 futura

333 2290 488 2336 libero,
521 2293 565 2331 et
591 2290 799 2337 absolvo,
827 2293 870 2333 et
892 2291 1226 2346 imperpetuum
1250 2290 1407 2345 quitio,
1440 2292 1494 2332 ‹le
1523 2304 1611 2332 non
1636 2290 1828 2344 petendo
1855 2293 1900 2332 et

334 2375 423 2402 non
463 2363 638 2415 agendo
671 2362 841 2417 aliquid
870 2361 1058 2403 ulterius
1103 2362 1179 2403 tibi
1221 2361 1386 2404 faciens
1425 2361 1683 2416 paccionem
1720 2363 1763 2403 et
1796 2375 1899 2403 con-

332 2432 596 2473 vencionem
633 2436 898 2487 perpetuam
936 2436 980 2475 et
1016 2433 1206 2480 realem;
1246 2432 1513 2488 promittens
1546 2435 1590 2474 et
1622 2432 1896 2474 conveniens

332 2503 426 2551 tihi,
459 2503 768 2558 sollempniter
789 2503 1039 2558 stipulanti,
1065 2505 1187 2559 quod
1211 2503 1408 2559 predicta
1431 2503 1635 2558 pecunia,
1660 2517 1686 2545 a
1708 2505 1748 2545 te
1772 2502 1841 2545 vel
1869 2516 1896 2545 a

330 2572 674 2629 fidejussoribus
704 2575 805 2622 tuis,
838 2589 917 2629 per
944 2588 1016 2616 me
1044 2575 1114 2617 vel
1143 2589 1222 2630 per
1242 2574 1477 2616 dominum
1502 2574 1815 2622 senescallum,
1841 2575 1896 2616 de

332 2648 477 2687 cetero
516 2659 602 2687 non
632 2649 884 2701 repetetur,
916 2649 959 2688 et
982 2647 1103 2701 quod
1131 2647 1247 2688 hanc
1282 2645 1655 2701 recogniciomem
1695 2648 1740 2687 et
1765 2645 1897 2688 abso-

333 2716 556 2758 lucionem
592 2718 865 2771 predictum,
897 2721 941 2759 et
973 2718 1126 2760 omnia
1159 2717 1416 2773 supradicta
1442 2720 1486 2759 et
1515 2717 1692 2771 singula
1720 2719 1818 2759 rata
1855 2719 1900 2759 et

333 2787 462 2829 lirina
491 2801 542 2829 ac
565 2788 733 2829 illibata
755 2788 1089 2844 imperpetuum
1113 2789 1305 2831 habeam
1329 2791 1373 2830 et
1392 2789 1648 2835 observem,
1674 2791 1719 2830 et
1745 2789 1899 2829 obser-

326 2858 420 2900 vari
453 2858 639 2905 fecicum
671 2862 715 2901 et
743 2860 864 2901 nullo
894 2860 989 2901 loco
1018 2860 1084 2901 vel
1118 2862 1334 2914 tempore,
1361 2873 1439 2914 per
1468 2872 1538 2901 me
1559 2859 1631 2901 vel
1660 2872 1738 2914 per
1759 2858 1896 2901 aliam

326 2944 566 2985 personam
596 2931 923 2986 interpositam,
952 2931 1308 2980 contraveninm,
1336 2931 1415 2973 tibi
1442 2944 1523 2986 per
1549 2930 1893 2986 stipulacionem
