2070 3486
1094 311 1145 315 ——
1182 286 1266 327 100
1303 312 1355 315 ——

433 386 549 425 dieta
589 383 797 427 vei-lesia,
842 382 1007 422 seim-01.
1044 395 1224 422 omnem
1265 382 1508 422 decimum.
1549 394 1685 436 quam
1718 381 1995 424 ltaimundus

427 456 594 495 (lueri-a
623 455 851 508 quondam
890 452 1047 493 habuit
1071 452 1111 492 in
1141 452 1382 493 decimarin
1419 452 1567 493 sancti
1592 452 1787 499 Martini,
1814 453 1857 494 in
1880 466 1996 508 pane

432 530 469 566 el
515 526 632 567 vino.
675 528 717 565 et
745 524 957 565 omnibus
988 523 1087 564 aliis
1115 525 1168 564 ad
1199 523 1364 565 (liciam
1394 523 1616 565 decimam
1646 523 1992 578 pertinentibus,

430 597 543 638 sieut
579 596 738 637 melius
766 595 861 650 ipse
899 595 1179 636 Raimundus
1214 596 1405 641 Guerra,
1439 594 1505 635 vel
1543 594 1639 650 ejus
1667 598 1994 644 antecessores,

428 668 549 708 illam
579 667 801 708 decimam
824 667 1095 711 habuerunt,
1131 669 1385 709 tenuerunt.
1414 666 1481 707 vel
1508 669 1832 720 perceperunt;
1858 680 1995 722 quam

425 738 647 779 decimam
671 751 752 791 ego
776 738 998 778 habebam
1029 750 1085 778 ex
1113 737 1341 778 solucione
1370 740 1411 778 et
1439 736 1687 778 donaeione
1717 737 1852 779 michi
1878 737 1997 780 facta

423 810 476 850 ‹1‹·
495 809 565 850 illa
589 808 760 849 decimu
785 822 810 849 a
834 809 880 849 n.
905 808 1089 849 Guerra.
1110 808 1224 849 sieut
1247 808 1288 848 in
1311 811 1431 849 carta
1453 807 1556 849 inde
1579 807 1693 849 sarta
1714 807 1986 857 continetur,

421 885 463 922 et
499 883 552 922 de
595 880 668 921 illa
704 879 879 921 decima
917 879 1160 934 predictam
1197 879 1429 921 ecelesiam
1470 879 1621 920 saneti
1657 878 1835 921 Martini
1870 882 1914 922 et
1948 882 1989 922 te

417 952 627 1006 priorem.
663 965 740 1006 pro
780 952 877 1006 ipsa
909 951 1109 993 ecclesia.
1155 951 1369 998 investio,
1412 953 1455 992 et
1490 950 1531 991 in
1572 951 1715 1005 ipsam
1750 950 1984 993 ecclesiam

415 1022 650 1070 transfero,
689 1023 801 1064 sicut
830 1022 990 1063 melius
1026 1024 1169 1076 potest
1205 1021 1288 1063 dici
1327 1022 1393 1062 vel
1434 1021 1621 1075 intelligi
1650 1022 1705 1063 ad
1741 1021 1982 1064 utilitatem

413 1095 527 1135 dii-te
551 1094 753 1135 ecclesie.

471 1166 519 1206 Et
547 1165 711 1206 dietam
746 1165 967 1205 decimam
1001 1164 1157 1205 faniam
1186 1167 1224 1205 te
1249 1167 1291 1205 et
1315 1168 1415 1206 tuos
1436 1178 1716 1205 successores
1746 1164 1910 1207 habere
1938 1167 1981 1207 et

413 1239 561 1277 tenere
585 1236 792 1291 pa‹·il'i‹·e;
823 1239 970 1276 lamen
994 1250 1047 1276 ex
1072 1235 1189 1276 dieta
1217 1235 1388 1276 decimu
1420 1235 1590 1276 retineo
1614 1235 1747 1277 miehi
1769 1238 1813 1277 et
1835 1235 1979 1277 onini-

411 1308 495 1349 lius
525 1307 859 1348 suecessoribus
884 1306 1010 1348 ineis.
1031 1306 1252 1361 episeopis
1276 1306 1671 1360 ix‘iagalouensibus
1696 1306 1873 1355 futuris,
1897 1320 1978 1362 pro

407 1382 627 1434 quartoue
667 1378 901 1420 annuatim
946 1379 1098 1420 decem
1147 1378 1332 1421 sestaria
1374 1378 1516 1424 bladi,
1565 1378 1732 1420 scilicet
1775 1378 1978 1434 quinque

405 1450 613 1492 frumenti
644 1454 687 1491 et
714 1450 914 1505 quinque
945 1450 1104 1491 civale.
1138 1451 1287 1491 (landa
1316 1449 1449 1491 miehi
1479 1463 1658 1504 semper
1679 1451 1724 1491 et
1750 1462 1978 1492 successo-

402 1522 523 1563 ribus
552 1522 664 1563 ineis·
692 1522 736 1562 in
761 1521 1003 1563 festivitate
1034 1524 1194 1562 Sam-[e
1222 1521 1359 1562 Mario
1387 1522 1441 1561 de
1469 1523 1662 1575 augusto
1685 1535 1693 1567 ;
1725 1521 1779 1562 de
1806 1520 1973 1576 quibus

398 1595 552 1635 decem
595 1593 831 1636 sextariis.
864 1593 1097 1634 annuatim
1129 1592 1383 1647 prestandis
1421 1595 1464 1633 et
1500 1591 1729 1634 solvendis
1758 1591 1893 1634 michi
1927 1595 1972 1635 et

394 1665 578 1706 cuilibet
612 1664 894 1706 mandatorio
927 1677 1026 1705 meo
1064 1663 1131 1705 vel
1169 1676 1479 1705 suceessorum
1510 1676 1732 1711 meorum,
1764 1665 1971 1705 teneatur

392 1736 577 1778 ecclesia
609 1735 759 1777 Sancti
792 1735 971 1777 Martini
1005 1738 1049 1776 et
1077 1735 1197 1789 prior
1224 1734 1427 1789 ejusdem
1457 1734 1656 1783 ecclesie,
1687 1734 1964 1790 quicumque

392 1807 490 1855 erit,
516 1807 758 1861 obligatus.

447 1878 497 1919 Et
531 1892 612 1932 ego
646 1878 946 1925 Fredolonus,
992 1878 1113 1932 prior
1149 1877 1333 1920 ecclesie
1379 1877 1529 1919 Sancti
1568 1876 1763 1924 Martini,
1807 1877 1961 1920 omnia

386 1950 584 2004 predicta
603 1953 643 1991 et
670 1950 847 2003 singula
870 1949 1061 1991 laudans
1079 1952 1121 1990 et
1136 1948 1413 1990 confirmans
1435 1962 1515 2003 per
1542 1962 1614 1989 me
1633 1950 1678 1990 et
1699 1961 1780 2003 per
1800 1961 1959 1991 omnes

386 2034 667 2062 successores
708 2034 848 2068 meos,
892 2020 1065 2062 futuros
1094 2020 1265 2075 priores
1298 2020 1412 2062 dicte
1441 2011 1641 2068 ecclesie,
1673 2019 1828 2062 habito
1857 2033 1954 2076 spe·

381 2092 479 2134 ciali
517 2093 729 2134 mamiato
761 2092 805 2133 in
842 2093 927 2133 hoc
954 2092 1125 2133 domini
1162 2092 1278 2133 l'etri
1308 2091 1486 2133 abbatis
1515 2094 1559 2133 et
1585 2091 1769 2147 capituli
1802 2091 1954 2134 Sancti

381 2164 631 2212 Guillelmi,
682 2164 897 2219 promitto
948 2167 991 2205 et
1036 2164 1256 2205 convenio
1306 2163 1382 2205 tibi
1419 2163 1604 2205 domino
1650 2162 1946 2218 G[uillelmo],

376 2235 684 2290 Magalonensi
719 2235 952 2291 episcopo,
985 2239 1035 2277 ut
1073 2235 1285 2276 omnibus
1323 2234 1658 2277 successoribus
1686 2234 1789 2283 tuis,
1827 2235 1949 2290 quod

376 2307 577 2362 predicta
604 2308 758 2349 decem
787 2307 976 2349 sestaria
1003 2306 1139 2354 bladi,
1166 2309 1215 2348 ut
1242 2306 1413 2348 dictum
1444 2309 1526 2355 est,
1555 2307 1668 2348 bene
1689 2308 1734 2348 et
1754 2305 1948 2348 fideliter

375 2379 492 2420 dabo
516 2378 595 2420 tibi
618 2382 661 2420 et
682 2378 806 2419 omni
835 2378 1118 2421 mandatorio
1142 2381 1233 2427 tuo,
1260 2380 1304 2420 et
1323 2377 1485 2420 laciam
1513 2377 1667 2420 afferri
1687 2377 1733 2419 in
1754 2377 1941 2419 domum

373 2452 496 2491 tuam
531 2450 653 2504 apud
680 2449 1178 2504 Montempessulanum
1206 2464 1214 2497 ;
1256 2452 1300 2491 et
1326 2449 1429 2491 inde
1468 2448 1618 2503 obligo
1654 2448 1734 2490 tibi
1773 2450 1818 2490 et
1852 2448 1942 2490 tuis

371 2521 711 2563 successoribus
734 2521 887 2563 omnia
907 2521 1027 2564 bona
1047 2521 1245 2576 predicte
1268 2521 1467 2563 ecclesie.

432 2593 541 2634 ⁴tcta
569 2596 677 2634 sunt
704 2593 785 2634 hec
807 2596 851 2634 et
871 2593 1055 2634 laudata
1076 2593 1195 2647 apud
1218 2591 1735 2647 Montempessulanum,
1760 2591 1807 2632 in
1836 2590 1942 2633 Sala

371 2664 543 2706 domini
570 2664 784 2719 episcopi.
817 2678 936 2706 anno
964 2664 1194 2706 Dominice
1224 2663 1548 2705 lucarnationis
1578 2662 1820 2705 millesimo
1857 2663 1940 2704 du—

363 2736 611 2777 centesimo
636 2736 921 2783 duodecimo,
952 2736 1003 2777 vl
1026 2736 1127 2778 idus
1153 2735 1265 2790 julii,
1292 2735 1336 2776 in
1358 2735 1590 2790 presencia
1610 2736 1655 2777 et
1674 2733 1933 2777 testimonio
1957 2749 1962 2761 ¹

361 2807 588 2849 Guillelnii
609 2808 662 2848 de
685 2806 900 2862 Agrilolio
923 2807 1242 2855 archidiaconi,
1266 2807 1318 2848 lt.
1351 2805 1525 2848 Girardi
1548 2803 1929 2861 archipresbiteri,

360 2880 404 2919 1¹.
424 2879 616 2921 (siai-cini.
644 2879 804 2933 prioris
833 2878 1015 2919 ecclesie
1039 2880 1092 2920 de
1115 2879 1409 2925 Castronovo,
1435 2877 1756 2919 canonicorum
1776 2876 1928 2931 Maga-

354 2950 625 2999 lonensiiun,
657 2951 824 2993 Giraldi
854 2952 908 2993 de
935 2952 1125 2998 Coeonc,
1160 2950 1324 3006 prioris
1345 2949 1529 2992 ecclesie
1552 2950 1608 2992 de
1643 2947 1844 2998 Arsacio,
1873 2948 1926 2990 R.
2024 2959 2043 3007 ᾗ

2027 3055 2041 3077 r

2027 3116 2039 3144 d

2023 3185 2033 3223 l,
