2070 3486
770 325 816 329 —
858 298 943 340 6933
977 323 1031 328 —

119 393 269 436 valere
298 393 494 448 predicta
529 397 722 449 quatuor
755 393 941 435 sestaria
968 392 1090 434 ordei
1125 395 1167 433 et
1202 392 1315 432 duos
1337 389 1546 432 denarios
1576 389 1683 430 mel-

119 464 350 520 gorienses
371 477 471 505 cum
492 464 693 505 dominio
714 468 754 506 et
779 464 993 506 laudimio
1011 463 1139 504 vobis
1155 462 1343 508 anobis,
1364 464 1411 503 ut
1432 460 1682 516 predictum

122 538 204 583 est,
230 535 272 577 in
295 535 572 578 escambium
596 536 715 577 data.
1670 544 1680 566 1

180 606 462 660 Quapropter
492 606 635 648 vobis.
674 606 858 647 domino
892 605 1198 661 Magalonensi
1229 604 1464 659 episcopo,
1501 616 1580 657 per
1607 601 1684 643 sti-

122 677 404 733 pulacionem
434 677 755 731 promittimus,
790 678 908 732 quod
939 677 1020 718 hec
1048 676 1175 717 vobis
1203 676 1307 717 data
1334 675 1377 715 in
1407 673 1682 716 escambium

122 747 338 790 faciemus
375 761 456 789 vos
490 751 533 789 et
566 762 847 790 successores
876 750 1049 790 vestros
1077 747 1214 788 libere
1241 746 1431 788 habere.
1471 747 1685 799 tenere-et

120 819 349 875 percipere
375 818 574 874 plenarie
605 822 646 861 et
682 819 854 874 quiete,
888 822 931 860 et
950 819 1007 860 ab
1029 818 1151 860 omni
1176 830 1381 872 persona,
1407 830 1493 871 que
1514 815 1682 870 aliquid

121 889 183 932 ibi
211 889 340 932 vobis
368 889 634 944 impediret,
680 893 851 945 peteret
881 890 947 931 vel
982 889 1329 935 contradiceret,
1371 887 1466 942 jure
1508 899 1688 940 semper

120 960 251 1003 vobis
278 959 575 1003 defendemus
605 975 684 1016 pro
712 960 851 1003 libero
880 964 923 1002 et
952 960 1102 1003 franco
1130 959 1293 1001 alodio.
1325 959 1378 1000 Et
1406 972 1484 1013 pro
1511 957 1597 999 hiis
1624 957 1686 998 ita

122 1032 381 1078 servandis,
418 1035 461 1073 et
489 1045 568 1087 pro
595 1032 829 1074 evictione.
864 1066 870 1072 .
897 1045 979 1073 nos
1006 1034 1049 1073 et
1077 1032 1195 1073 bona
1214 1031 1328 1072 dicte
1350 1031 1513 1072 (lomus
1536 1027 1683 1069 sancti

121 1103 355 1150 Johanuis,
393 1103 519 1145 vobis
548 1107 591 1145 et
624 1103 814 1145 Eeclesie
842 1102 1148 1158 Magalonensi
1181 1101 1370 1143 firmiter
1394 1099 1686 1153 astringimus

103 1178 166 1217 ,εἰ
183 1174 462 1229 obligamus;
489 1175 803 1229 promittentes
827 1174 954 1216 vobis
977 1187 1056 1229 per
1076 1173 1436 1228 stipulacionem,
1463 1171 1581 1226 quod
1608 1171 1686 1211 hec

122 1249 219 1288 rata
233 1258 414 1301 semper
429 1246 682 1287 tenebimus
699 1249 742 1287 et
759 1245 1106 1287 observabimus
1127 1259 1134 1291 ;
1155 1247 1198 1286 et
1223 1244 1281 1285 nil
1304 1243 1558 1285 diximus...
1579 1254 1689 1296 quo-

124 1317 275 1359 minus
298 1317 377 1359 hec
400 1316 532 1358 firma
552 1330 732 1372 semper
754 1317 858 1364 sint,
890 1319 934 1358 et
955 1316 1085 1357 vobis
1107 1319 1149 1357 et
1169 1314 1361 1357 Ecclesie
1381 1312 1687 1367 Magalonensi

123 1401 304 1443 semper
325 1387 522 1443 prosint;
549 1401 629 1430 nee
645 1387 798 1443 aliquo
817 1388 969 1443 jure...
990 1390 1144 1429 contra
1164 1386 1412 1442 prescripta
1434 1385 1505 1426 vel
1533 1396 1687 1425 eorum

123 1459 293 1515 aliquid
334 1472 569 1515 nunquam
609 1458 862 1506 veniemus,
907 1458 975 1500 vel
1017 1458 1216 1513 aliquam
1255 1468 1495 1512 personam
1535 1457 1691 1496 eontra

124 1530 278 1572 venire
318 1529 552 1576 faciemus,
594 1530 909 1586 permittemus
948 1529 1019 1571 vel
1049 1528 1408 1574 consentiemus;
1441 1526 1684 1580 scientes...

125 1602 207 1644 hec
223 1601 378 1644 omnia
395 1602 451 1644 ad
472 1601 707 1644 utilitatem
732 1604 932 1644 nostram
954 1603 998 1642 et
1023 1600 1138 1642 dicte
1166 1601 1330 1641 domus
1353 1597 1503 1641 Sancti
1525 1597 1690 1638 Johan-

125 1673 194 1715 nis
230 1671 481 1728 pertinere,
527 1686 580 1715 eo
621 1673 728 1728 quia
773 1672 942 1715 dictum
989 1675 1136 1713 ortum
1185 1673 1416 1713 nostrum.
1455 1672 1499 1710 et
1530 1670 1690 1710 domos

123 1743 235 1800 ejus,
261 1746 305 1786 et
325 1756 536 1799 eampum
560 1747 764 1786 nostrum
788 1745 842 1785 de
870 1744 987 1785 Area
1014 1746 1058 1785 et
1080 1744 1223 1784 totum
1243 1742 1477 1787 honorem,
1503 1739 1578 1794 qui
1609 1737 1691 1779 fuit

125 1814 365 1857 Raimundi
387 1814 485 1861 Bec.
518 1814 740 1857 habemus
761 1815 814 1856 de
837 1817 983 1856 cetero
1011 1813 1055 1854 in
1085 1812 1285 1855 alodium
1313 1812 1661 1866 imperpetuum.

183 1886 336 1928 Testes
381 1888 488 1928 sunt
537 1885 751 1941 magister
793 1885 1079 1931 Florencius,
1123 1884 1350 1926 Johannes
1394 1881 1531 1924 Blanc
1572 1880 1693 1935 prior

124 1957 307 1999 ecclesie
325 1956 475 1999 Sancti
491 1956 668 2012 Georgii
684 1957 763 2011 (1),
779 1956 1009 1998 Johannes
1024 1955 1298 1997 Godafridus
1312 1954 1434 2010 prior
1449 1954 1504 1995 de
1521 1953 1693 1995 Monte-

123 2027 310 2070 arnaldo
333 2062 340 2075 ,
385 2027 521 2070 frater
556 2028 837 2070 Raimundus
878 2028 1112 2075 sacerdo&
1160 2026 1294 2068 frater
1337 2027 1500 2068 domus
1541 2014 1691 2065 Sancti

123 2099 357 2148 Johannis,
398 2102 442 2141 et
471 2099 712 2142 Guiraldus
742 2100 796 2141 de
827 2100 979 2146 Porta,
1012 2098 1104 2154 qui,
1131 2100 1313 2153 rogatus
1333 2110 1360 2138 a
1386 2095 1571 2138 domino
1594 2106 1693 2149 pre-

124 2170 242 2213 dicto
270 2170 575 2226 Magalonensi
599 2174 642 2213 et
667 2184 694 2213 a
713 2170 831 2212 dicto
853 2173 1131 2225 preceptore,
1157 2169 1238 2211 hec
1260 2167 1450 2223 scripsit.

1128 2264 1225 2303 (Reg.
1252 2263 1288 2299 E,
1311 2263 1368 2293 fol.
1391 2261 1430 2292 33
1451 2262 1502 2297 τ’).

503 2461 779 2498 DLXXXVII.
809 2483 853 2487 —
880 2461 925 2497 ‘20
953 2459 1191 2509 septembre
1220 2460 1305 2496 1251

128 2576 198 2612 Le
224 2575 392 2622 prieur
416 2576 476 2612 de
511 2577 725 2613 Murviel
756 2577 975 2624 §change
1004 2579 1115 2613 tous
1135 2587 1216 2613 ses
1242 2577 1397 2612 droits
1426 2575 1691 2621 temporels

270 2645 356 2670 sur
375 2637 500 2672 cette
519 2637 743 2682 paroisse
763 2638 934 2673 contre
963 2637 1210 2673 certaines
1230 2636 1547 2672 redevances.

187 2741 233 2783 In
262 2741 445 2784 nomine
473 2742 650 2783 Domini
674 2742 823 2785 Nostri
851 2742 988 2784 Jhesu
1011 2741 1189 2788 Christi,
1221 2754 1340 2782 anno
1363 2738 1691 2781 Incarnacionis

129 2812 331 2868 ejusdem
348 2813 589 2855 millesimo
606 2813 916 2855 ducentesimo
939 2811 1317 2868 quinquagesimo
1343 2811 1503 2866 primo,
1526 2809 1692 2851 scilicet

179 2962 226 3007 (1)
257 2963 381 2998 Cart:
404 2962 566 3007 Jeorqii.
