2070 3486
847 310 895 312 —
938 283 1015 324 '4725
1053 310 1101 312 —

183 378 441 419 ostenderet
465 377 654 431 gloriam
692 379 810 432 regui
845 378 928 420 sui.
973 379 1029 418 ol)
1075 379 1202 433 rujus
1251 379 1383 420 talem
1423 381 1607 420 unctum
1654 379 1737 434 ipsi

186 447 406 502 principes
434 451 540 491 sunt
565 448 710 494 effecti
734 463 741 491 2
773 449 835 489 sic
861 450 915 490 ad
941 449 1080 490 instar
1102 450 1318 504 ipsorum,
1341 464 1481 505 quum
1513 450 1738 492 neminem

186 519 282 561 vult
309 519 467 574 perire.
495 520 572 561 sed
598 520 746 574 potius
777 533 935 561 omncs
963 521 1085 575 cupit.
1111 522 1286 562 salvare
1313 521 1571 565 clementer.
1606 522 1746 577 inspi-

187 590 357 632 ratione
402 591 583 637 divina,
634 591 859 633 novellam
902 591 1226 646 plantatifmcm
1277 593 1504 647 producit.
1554 606 1745 648 eamque

185 661 405 717 pullulare
433 661 666 709 festinans,
691 662 827 703 etiam
856 676 943 717 que
967 663 1187 704 contraria
1220 663 1346 704 sexui
1374 663 1567 705 femineo
1596 665 1749 706 decer-

185 735 375 778 nuntur,
424 746 525 774 eum
572 735 699 788 prata
751 733 941 775 virentia
986 736 1029 775 et
1075 747 1296 788 aquorum
1342 735 1557 776 decursus
1603 734 1744 776 soleat

182 806 394 858 appetere
434 803 532 845 talis
573 818 730 851 sexus,
771 818 887 846 nunc
926 805 1041 851 alta,
1081 805 1233 849 arida,
1277 805 1496 861 inaquosa
1541 805 1741 847 faciendo

181 873 377 922 affectat,
411 877 459 916 ut
478 875 532 916 ad
556 875 716 916 altiora
738 875 923 930 provehi
946 875 1094 916 valeat
1117 875 1159 916 iu
1182 878 1403 923 eternum,
1431 890 1617 930 sperans
1640 890 1739 917 roro

181 945 329 987 sancti
360 945 553 1000 Spiritus
583 945 768 1000 irrigari,
801 946 874 1001 qui
908 960 996 987 non
1018 946 1290 1001 improperat
1324 947 1401 988 scd
1432 948 1508 988 (lat
1529 947 1741 989 omnibus

179 1015 435 1058 affluenter.

240 1090 356 1129 Sanc
389 1101 490 1129 cum
518 1088 804 1143 congregatio
834 1101 1084 1143 pauperum
1109 1088 1364 1135 mulierum,
1395 1092 1485 1130 tam
1516 1088 1741 1143 virginum

179 1172 316 1214 quam
353 1159 605 1205 viduarum,
640 1159 683 1200 in
718 1162 869 1201 monte
904 1159 1053 1201 Sancti
1089 1159 1247 1202 Leonis
1280 1174 1419 1215 prope
1451 1160 1746 1202 Nlontemlau-

179 1242 292 1276 rum,
320 1230 651 1283 Magalouensis
679 1230 884 1274 diocesis,
914 1231 1053 1272 Jhesu
1077 1230 1252 1272 Christo
1280 1231 1418 1286 gratis
1446 1231 1738 1273 devotissimo

175 1301 426 1346 adhereret.
447 1301 705 1356 ibidemque
731 1302 773 1342 in
795 1301 1054 1345 solitudine,
1074 1302 1381 1357 acephala(l),
1408 1303 1606 1357 quodam
1631 1305 1740 1344 tem-

179 1385 298 1426 pore,
329 1372 493 1427 jugiter
516 1373 705 1414 Domino
729 1372 953 1415 famulans
972 1373 1210 1420 extitisset,
1230 1388 1254 1415 a
1286 1373 1529 1415 venorabili
1552 1373 1735 1415 ‹lomino

175 1443 380 1485 johanne
402 1445 457 1486 de
481 1444 773 1486 Nlontelauro.
807 1443 1035 1499 preposito
1055 1456 1107 1485 ac
1130 1443 1293 1485 vicario
1315 1444 1504 1486 Ecclesic
1526 1446 1570 1485 et
1599 1444 1738 1485 tocius

175 1513 365 1556 ‹lior-esis
391 1514 745 1568 Mag-ratoniensi&
771 1528 862 1556 una
886 1528 988 1556 cum
1016 1515 1242 1556 Bernardo
1269 1514 1530 1571 cl'slnqlars⁹
1557 1515 1739 1557 ecclesio

177 1585 326 1627 Sancti
356 1586 516 1628 Leonis
550 1586 720 1641 priore,
764 1586 996 1628 humiliter
1024 1586 1293 1641 postulavit,
1333 1587 1572 1642 quatinus,
1600 1587 1643 1628 in
1672 1601 1742 1628 ec,-

174 1656 309 1699 elesia
346 1656 451 1699 dicti
499 1657 664 1699 montis
711 1658 787 1713 qui
833 1657 971 1700 fertur
1014 1658 1164 1699 Sancti
1211 1658 1385 1704 Leonis,
1430 1658 1736 1700 constitution-e

175 1729 499 1771 monasterium
520 1729 795 1785 dignaretur.
816 1744 906 1785 quo
926 1730 1091 1785 jugiter
1109 1730 1300 1771 Domino
1320 1733 1588 1785 perpetuum
1607 1731 1740 1771 olise—

172 1799 330 1854 quium
363 1803 648 1855 prestaretur.
688 1800 770 1850 Qui
798 1801 1010 1842 (lominus
1049 1801 1328 1856 prepositus,
1361 1801 1601 1856 previdens
1643 1815 1738 1856 pro-

175 1871 275 1913 inde
304 1874 475 1914 tantam
504 1872 808 1920 devotionem,
834 1887 886 1914 ac.
906 1872 1124 1915 affectans
1145 1874 1353 1914 eamdem
1377 1873 1481 1915 totis
1511 1873 1733 1915 vit-eribus

171 1943 430 1998 amplectari
459 1943 630 1986 sincere
661 1944 852 1986 brachiis
874 1944 1085 1988 caritatis,
1120 1944 1410 1999 postulationi
1430 1944 1521 1999 jam
1549 1944 1664 1986 ‹licte
1687 1959 1732 1986 se

171 2015 462 2057 devotissime
498 2015 766 2058 inclinando.
816 2016 1137 2070 benignissime
1165 2016 1421 2071 adquievit,
1471 2015 1733 2058 desiderans

173 2086 368 2142 insuper,
397 2087 577 2129 nomine
597 2087 736 2130 Jhesu
756 2087 935 2133 Christi,
961 2088 1136 2129 ardenti
1164 2087 1315 2130 animo
1337 2087 1544 2130 exaltari.

233 2157 397 2200 Verum
417 2158 538 2213 quia,
562 2172 640 2213 pro
663 2159 852 2213 negotiis
873 2162 964 2201 tam
984 2159 1271 2214 episcopatus
1289 2171 1426 2214 quam
1451 2158 1731 2214 prepositure

170 2229 442 2271 instantibus
486 2231 805 2276 vehementer,
859 2230 1098 2272 accedendi
1147 2230 1442 2285 personaliter
1478 2232 1535 2272 ad
1582 2230 1727 2272 locum

171 2301 466 2355 prescriptum
498 2315 586 2343 non
621 2301 778 2343 habuit
807 2301 1080 2349 facultatem,
1123 2302 1311 2356 provido
1339 2304 1383 2343 ct
1416 2301 1608 2343 discreto
1638 2301 1732 2342 viro

167 2372 352 2414 domino
381 2371 698 2429 Rlaimunslo]‚
729 2373 1042 2415 archidiacono
1079 2373 1401 2425 N‘Iagalcmcnsi,
1434 2373 1476 2414 in
1511 2372 1637 2428 cujus
1665 2386 1733 2414 ar-

168 2443 479 2486 chidiaconatu
502 2457 630 2486 mons
653 2444 878 2500 predictus
900 2447 967 2487 est
990 2444 1118 2492 situs,
1145 2444 1265 2486 vicos
1287 2458 1392 2486 suas
1415 2448 1458 2485 ct
1479 2444 1625 2486 locum
1649 2445 1732 2485 sul)

169 2515 251 2557 hac
279 2514 424 2557 forma
450 2515 628 2558 comisit
651 2530 657 2556 ;

224 2652 468 2701 Johannes,
501 2653 772 2708 prepositus,
804 2656 849 2695 et
876 2656 1137 2708 procurator
1158 2652 1352 2695 Ecclesie
1376 2650 1724 2706 Magalonensis.

169 2724 262 2766 viro
298 2724 544 2766 venerabili
571 2728 615 2766 et
641 2725 833 2767 discreto
869 2724 1175 2779 lt[aimuudo].
1210 2724 1412 2778 ejusdcm
1444 2722 1635 2764 Ecclesic
1664 2736 1732 2763 ar-

165 2795 443 2843 chidiacono,
476 2795 668 2837 salutem
698 2795 741 2836 in
764 2795 972 2836 Domino.

211 2956 255 2999 tl]
289 2956 414 2991 Carta
439 2956 676 3001 arlmeptenla.
