2070 3486
993 264 1044 269 -
1079 224 1164 279 612
1199 262 1251 267 —

341 339 445 380 dit-[i
484 336 615 378 castri
653 333 1022 379 §munsteri-arii,
1060 333 1115 374 ad
1153 332 1242 374 alia
1278 334 1415 387 patna
1442 330 1726 385 infrascripta
1754 329 1903 372 termi-

346 410 491 451 nanda
515 411 552 448 rt
584 406 886 459 consignanda
909 419 916 446 ;
952 417 1038 458 quc
1067 403 1250 458 quidem
1281 406 1419 458 patna
1445 402 1652 443 similiter
1680 402 1905 456 pertinent

343 481 396 522 ad
442 479 677 520 univcrsm¹
723 475 932 518 dominos
977 478 1020 516 et
1064 477 1201 516 totam
1249 473 1590 515 universitatem
1628 472 1733 514 dicti
1771 471 1905 514 castri

344 548 680 597 Montisserrarii
703 563 710 591 ;
737 561 823 602 que
846 546 1028 602 quidem
1054 549 1190 601 patna
1213 547 1422 587 tenentur
1441 558 1467 586 a
1488 544 1672 585 domino
1693 543 1905 599 episcopo

345 620 650 675 Magalonensi
678 621 721 661 et
741 618 903 660 comite
932 617 1130 671 Mclgorii
1161 619 1203 657 et
1231 615 1612 657 Montisferrandi.

406 692 520 733 Visis
554 691 689 744 igitur
728 692 770 731 et
811 687 1064 741 recognitis,
1105 701 1154 729 ar
1189 687 1427 741 diligenter
1466 684 1761 727 consideratis
1798 683 1907 739 ipsis

344 763 507 819 patuis.
545 765 589 803 et
622 773 776 803 eornm
811 758 1187 801 circumstanciis.
1216 757 1462 812 habitoque
1490 756 1692 810 diligenti
1719 754 1907 797 consilio

343 848 442 877 cnm
468 834 584 875 dicto
608 832 838 887 Stephano
860 832 914 873 de
936 830 1083 873 Mans.
1114 833 1154 871 cl
1179 842 1280 871 cnm
1307 829 1535 870 Bernardo
1558 829 1612 869 (16
1641 825 1805 874 Rotas,
1831 825 1911 881 qui

344 905 606 948 corumdem
624 905 865 958 patuornm
884 901 1065 956 plenam
1088 901 1313 942 habebant
1333 899 1560 947 noticiam,
1578 898 1763 941 consilio
1782 897 1910 953 cujus

346 975 556 1019 Bernardi
579 974 712 1016 etiam
733 973 931 1028 predicta
954 975 1106 1028 patna,
1134 985 1221 1027 que
1251 974 1355 1013 sunt
1381 972 1436 1012 (16
1463 969 1784 1027 pertinimento
1805 967 1910 1010 dicti

346 1047 491 1090 mansi
518 1048 572 1087 de
594 1044 851 1088 Cadeneriis
880 1044 924 1084 in
947 1046 1072 1099 parte
1096 1042 1278 1084 fuorunt
1304 1042 1542 1083 terminata
1564 1044 1607 1082 et
1627 1040 1907 1095 consignata,

345 1118 545 1174 predicta
573 1120 711 1172 patna
738 1115 1023 1170 infrascripta
1044 1113 1299 1169 designavit
1325 1116 1369 1155 et
1396 1112 1681 1167 consignavit
1713 1112 1757 1153 in
1791 1111 1913 1152 hunc

347 1191 547 1232 modum.
583 1188 790 1230 videlicet
816 1187 937 1241 quod
963 1185 1252 1228 terminavit:
1409 1238 1413 1243 Ι

404 1261 515 1303 Nam
538 1263 675 1315 patna
701 1272 789 1314 que
817 1260 922 1299 sunt
948 1258 1003 1299 de
1030 1256 1350 1312 pertinimento
1371 1255 1517 1297 mansi
1538 1255 1593 1297 de
1612 1253 1774 1303 Rotas,
1808 1254 1915 1296 sunt

345 1336 390 1375 et
409 1331 768 1379 commntantur,
792 1330 906 1371 sicut
926 1331 1134 1370 movetur
1152 1329 1206 1369 de
1225 1327 1430 1382 proxime
1447 1325 1742 1368 conti-ontatis
1764 1324 1914 1382 patuis

347 1405 401 1446 de
417 1403 689 1449 Cadmei-iis,
709 1405 753 1443 et
774 1402 827 1443 de
845 1400 963 1442 dicta
978 1400 1163 1446 Comha,
1192 1402 1236 1441 et
1257 1399 1398 1441 eciam
1418 1399 1471 1439 dc
1489 1398 1623 1440 Costa
1643 1398 1698 1439 de
1719 1397 1910 1445 Rovore,

348 1479 392 1518 et
413 1476 500 1516 itur
521 1477 565 1516 et
585 1472 873 1515 descenditur
893 1484 1037 1526 usque
1058 1471 1105 1512 in
1126 1470 1318 1512 carreria
1347 1468 1688 1513 transversaria,
1713 1481 1804 1524 qua
1825 1466 1916 1509 itur

348 1560 506 1588 versus
537 1543 776 1591 Bollidom
813 1546 857 1585 et
890 1543 1031 1585 eciam
1072 1542 1187 1584 sicut
1224 1541 1312 1583 itur
1345 1543 1461 1582 recte
1489 1553 1634 1595 usque
1670 1528 1725 1581 ad
1763 1539 1915 1594 ipsum

348 1616 573 1663 Bollzdmg
617 1616 691 1657 ubi
727 1618 795 1657 est
830 1614 1016 1670 quidam
1051 1613 1271 1655 terminus
1307 1612 1513 1667 lapideus
1553 1611 1830 1666 impressus,
1872 1611 1918 1651 et

349 1702 491 1744 usque
518 1688 562 1729 in
591 1687 819 1729 caminum
852 1685 1110 1741 publicum,
1144 1698 1234 1739 quo
1270 1683 1359 1725 itur
1386 1684 1441 1725 de
1486 1681 1826 1724 Monteferrario
1859 1680 1917 1723 ad

350 1760 603 1805 Bastidam,
629 1761 763 1813 prout
795 1760 863 1799 est
897 1756 1186 1798 terminatum
1222 1758 1267 1797 et
1303 1754 1619 1808 consignatum
1648 1752 1853 1795 terminis
1874 1753 1920 1795 et

351 1832 464 1873 bolis
501 1830 690 1885 lapideis
723 1829 785 1871 ihi
819 1828 978 1884 positis
1017 1830 1063 1869 et
1098 1826 1358 1883 impressis,
1390 1825 1570 1868 residuo
1603 1825 1775 1866 honore
1813 1823 1919 1866 dicti

351 1902 496 1945 mansi
511 1904 565 1944 (16
582 1901 722 1944 Rotils
742 1914 799 1942 ex
818 1903 944 1956 parte
968 1899 1198 1954 superiore
1223 1899 1498 1945 remanente,
1519 1900 1563 1938 et
1582 1896 1753 1938 honore
1769 1892 1917 1938 mansi

351 1975 405 2016 de
422 1973 558 2015 Pedio
579 1972 780 2014 Ferrerio
797 1986 853 2014 ex
875 1974 1003 2026 parte
1024 1969 1225 2012 inferiori
1245 1971 1522 2011 remanente.
1544 1967 1623 2010 Illa
1640 1981 1747 2009 vero
1763 1970 1916 2022 patna,

353 2060 439 2100 que
468 2047 572 2086 sunt
599 2046 653 2086 de
680 2044 800 2086 dicto
838 2041 1071 2089 terminio,
1102 2041 1177 2096 qui
1212 2044 1278 2083 cst
1312 2041 1368 2082 ad
1392 2038 1606 2081 Bollc‘dor
1651 2038 1916 2094 impressus,

354 2117 569 2172 usquead
598 2116 767 2157 dictum
795 2114 1025 2156 caminum
1053 2126 1143 2168 quo
1172 2112 1261 2154 itur
1292 2112 1347 2153 de
1378 2110 1721 2153 Monteferrario
1749 2110 1807 2151 ad
1833 2109 1921 2151 Bas

356 2188 510 2235 tidam,
538 2190 643 2229 sunt
669 2188 724 2229 de
753 2185 1074 2242 pertinimento
1098 2183 1244 2226 mansi
1262 2184 1317 2225 de
1337 2181 1553 2224 Valseria.

414 2260 528 2301 Sunt
546 2262 589 2300 et
610 2261 811 2313 preterea
833 2256 922 2299 alia
942 2259 1081 2312 patna
1102 2256 1157 2297 de
1180 2254 1502 2310 pertinimento
1531 2252 1676 2294 mansi
1707 2252 1761 2294 dc
1783 2252 1924 2294 Gada-

355 2331 512 2378 neriis,
546 2344 633 2385 que
673 2332 779 2371 sunt
811 2329 856 2370 in
893 2327 1028 2383 podio
1063 2327 1255 2368 Amisos
1290 2326 1332 2366 in
1370 2324 1517 2366 media
1545 2326 1713 2370 cresta;
1749 2325 1795 2365 et
1821 2336 1924 2365 con-

354 2401 610 2444 frontantur
636 2415 693 2443 ex
721 2413 810 2442 una
838 2402 964 2455 parte
991 2411 1094 2441 cum
1124 2397 1322 2453 predicto
1350 2396 1526 2439 camino
1555 2396 1610 2437 (16
1632 2394 1839 2441 Metellis,
1867 2407 1924 2436 ex

357 2474 445 2515 alia
470 2486 576 2515 vero
606 2475 731 2527 parte
759 2484 861 2513 cum
889 2471 1059 2512 honore
1087 2469 1192 2511 dicti
1222 2468 1367 2510 mansi
1392 2468 1447 2509 de
1471 2466 1762 2521 Pediolongo,
1788 2467 1925 2521 prout

358 2544 651 2586 terminatum
672 2546 715 2585 et
735 2542 1068 2597 consignatum.

417 2616 571 2657 Testes
611 2614 793 2656 fuerunt
828 2613 1014 2668 predicti
1045 2612 1303 2667 Stephanus
1331 2612 1385 2652 de
1409 2609 1555 2657 Mans,
1588 2608 1844 2650 Bernardus
1871 2607 1926 2649 de

360 2685 521 2735 lfolils,
561 2686 787 2728 Durantus
823 2686 877 2727 de
916 2683 1152 2732 Caii-olcto,
1203 2682 1408 2724 Julianus
1453 2682 1508 2723 de
1537 2679 1843 2727 Clffl‘ensiaco,
1882 2680 1926 2719 et

362 2759 519 2800 Petrus
547 2758 599 2799 de
631 2759 768 2798 Ponte
790 2755 1010 2798 notarius.
1792 2747 1796 2753 ’

423 2900 732 2947 Postmodum,
756 2913 875 2941 anno
897 2902 941 2941 et
967 2898 1038 2940 die
1068 2897 1281 2953 predicta,
1306 2897 1425 2938 idem
1453 2894 1686 2938 Maurinus
1713 2894 1769 2936 de
1800 2892 1933 2936 Com-
