2070 3486
1013 214 1273 256 —862-

806 456 1117 500 APPENDICE
1152 457 1227 499 AU
1259 456 1411 499 TOME
1445 457 1478 498 Π

933 628 973 663 21
1005 627 1223 664 dccembre
1254 628 1342 664 1247

427 739 659 784 E'lreetion
686 748 745 783 de
776 748 822 782 la
857 747 1092 783 vestiar-ie
1125 748 1184 783 de
1215 747 1509 800 Maguelone
1539 757 1601 783 en
1633 748 1851 786 benefice

924 805 1258 852 independant
1287 807 1351 846 [lv.

415 906 460 946 ln
481 905 665 946 nomine
686 907 846 947 Sancte
865 906 909 945 et
927 903 1162 944 Individne
1184 902 1466 944 Trinitatis...
1492 902 1604 952 Quia
1625 903 1740 946 sicut
1759 907 1920 948 natura

354 977 515 1018 cotidie
532 979 744 1031 properat
760 977 891 1017 edere
913 988 1055 1016 novas
1079 974 1262 1022 formas,
1289 988 1481 1029 quarum
1510 976 1743 1018 occasione
1764 977 1921 1018 crebra

355 1052 399 1090 et
425 1062 543 1089 nova
569 1048 669 1102 jura
705 1048 981 1095 conduntur,
1023 1049 1067 1087 et
1104 1049 1257 1088 vetera
1293 1045 1622 1095 reformantur,
1667 1047 1729 1089 sie
1767 1049 1918 1090 rerum

354 1119 641 1174 experiencia
679 1122 723 1160 et
762 1119 949 1161 evidens
978 1117 1162 1166 utililas,
1206 1131 1293 1172 que
1334 1117 1378 1158 in
1415 1119 1547 1159 rebus
1584 1118 1715 1160 novis
1755 1119 1918 1161 consti—

355 1191 532 1233 tuendis
560 1203 740 1246 semper
767 1193 835 1232 cst
861 1190 1150 1237 attendenda,
1190 1189 1450 1244 frequenter
1479 1189 1713 1245 propulsat
1739 1190 1917 1233 animos

352 1263 587 1304 hominum
622 1264 665 1304 et
702 1261 892 1317 ini-pellit
924 1274 1039 1302 nova
1068 1263 1282 1321 stat-uere,
1314 1262 1359 1302 et
1383 1260 1475 1315 Jam
1499 1263 1668 1303 statuta
1689 1261 1732 1303 in
1755 1261 1917 1305 melius

351 1336 629 1375 commutare
649 1348 656 1381 ;

410 1405 522 1446 Hinc
541 1407 610 1446 est
636 1406 772 1459 quod,
805 1404 907 1446 licet
933 1403 1219 1451 olimvisum
1247 1402 1382 1444 fuerit
1409 1403 1655 1458 expediens
1684 1407 1728 1446 et
1754 1404 1918 1447 hones-

353 1479 463 1524 tum,
509 1476 759 1531 prioratum
801 1475 951 1518 Sancti
989 1474 1170 1516 Firmini
1204 1474 1347 1516 facere
1375 1475 1658 1529 opulentum,
1685 1478 1729 1518 et
1749 1475 1788 1518 ei
1817 1489 1917 1518 ves-

353 1547 531 1589 tiarium
562 1551 605 1589 et
643 1548 839 1602 ‹pledam
866 1547 955 1589 alia
988 1545 1252 1589 benefiicia.
1297 1547 1350 1587 ad
1392 1546 1639 1601 capitulum
1679 1547 1915 1602 Magalone

349 1619 652 1674 pertinencia,
685 1619 851 1661 addere
880 1621 923 1660 et
950 1618 1103 1664 unire;
1145 1620 1318 1663 tamen,
1357 1617 1464 1672 quia
1491 1619 1546 1660 de
1574 1618 1649 1660 illa
1674 1618 1842 1661 unione
1871 1622 1915 1661 et

348 1690 585 1745 opulencia
606 1690 918 1745 experimento
941 1690 1180 1744 probatum
1200 1691 1268 1730 est
1288 1690 1331 1730 et
1349 1692 1633 1743 compertum
1655 1689 1701 1731 in
1719 1688 1916 1732 Ecclesia

346 1761 653 1815 Mngalonensi
682 1764 779 1803 orta
806 1774 904 1802 esse
938 1760 1067 1816 plura
1101 1760 1336 1810 scandala,
1369 1763 1413 1802 et
1439 1759 1591 1816 plures
1619 1760 1838 1803 scissuras
1871 1762 1915 1802 et

346 1832 540 1875 invidias
563 1833 844 1875 introductas
861 1847 869 1881 ;

406 1904 458 1947 Et
476 1904 583 1959 quia
604 1904 869 1947 vestiarium
890 1918 980 1946 non
1009 1904 1353 1947 ministrabatur
1380 1903 1606 1947 canonicis
1635 1906 1684 1946 ut
1709 1905 1910 1956 deceret;

404 1975 457 2017 Et
477 1975 583 2031 quia
601 1976 839 2032 indignum
858 1978 926 2018 est
947 1978 991 2017 et
1010 1975 1222 2018 indecens
1242 1990 1340 2019 esse
1358 1976 1552 2026 videtur,
1578 1978 1629 2018 ut
1650 1989 1768 2018 nnus
1789 1975 1913 2018 solus

346 2050 496 2089 teneat
522 2047 653 2102 plura
685 2047 946 2095 benefficia,
983 2047 1154 2103 quibus
1191 2048 1343 2103 plures
1377 2048 1451 2090 alii
1485 2047 1592 2090 boni
1622 2047 1706 2089 viri
1737 2047 1914 2103 possint

344 2120 580 2161 commode
627 2119 866 2167 honorari,
916 2119 993 2174 qui
1038 2119 1180 2163 sciant
1220 2122 1263 2161 et
1302 2119 1484 2162 valeant
1528 2119 1650 2162 intus
1696 2122 1740 2162 et
1784 2122 1913 2161 extra

345 2190 676 2245 Magalonensis
698 2190 892 2233 Ecclesie
919 2204 1057 2232 onera
1084 2193 1380 2246 supportare;

403 2262 567 2304 Idcirco
592 2276 672 2304 nos
696 2262 832 2304 frater
854 2262 1120 2318 Raynerins⁷
1155 2262 1235 2304 Dei
1263 2262 1551 2304 miseratione
1581 2262 1836 2318 episcopus,
1868 2265 1912 2304 et

344 2334 596 2375 Bernardns
628 2335 682 2376 de
716 2334 1005 2382 Muroveteri,
1038 2334 1296 2389 prepositus
1322 2333 1671 2389 Magalcmensis,
1703 2346 1805 2376 cum
1834 2347 1911 2376 ex-

344 2419 498 2459 presso
536 2406 721 2447 consilio
763 2408 807 2447 et
846 2419 1036 2447 assensu
1077 2406 1212 2447 totius
1245 2405 1429 2461 capituli
1462 2405 1812 2460 Magalonensis,
1852 2405 1910 2448 ad

343 2476 462 2517 diem
499 2479 714 2518 statutam
758 2491 881 2519 more
919 2477 1050 2519 solito
1085 2477 1348 2519 solemniter
1380 2476 1661 2533 congregati,
1706 2476 1909 2532 pensatis

345 2548 554 2602 predictis
588 2549 860 2597 rationibus,
892 2551 936 2590 et
962 2548 1169 2604 pluribus
1203 2548 1302 2590 aliis
1339 2548 1688 2591 circumstantiis
1720 2547 1909 2602 diligen-

346 2618 515 2660 tissime
553 2619 916 2675 circumspectis,
948 2619 1136 2675 predicti
1176 2619 1375 2662 vestiarii
1411 2621 1456 2661 et
1492 2618 1685 2661 aliorum
1718 2617 1908 2661 beneffi-

341 2689 512 2731 ciorum
534 2690 838 2745 predictorum
872 2691 1064 2733 uniones
1092 2690 1530 2733 incommutabiliter·
1549 2703 1832 2739 revocamus,
1864 2691 1907 2732 et

386 2827 536 2868 iljrCet
567 2830 655 2862 acto
683 2838 732 2862 nc
765 2838 808 2863 se
843 2830 992 2863 trouve
1027 2839 1101 2874 pas
1133 2826 1236 2863 dans
1267 2827 1302 2863 le
1332 2827 1562 2864 Cartulaire
1583 2827 1630 2863 cle
1651 2827 1903 2872 Maquelone,

341 2885 460 2926 mnis,
485 2897 536 2921 vn
558 2898 632 2921 son
657 2887 929 2933 important-e,
955 2898 1057 2921 nous
1080 2897 1214 2922 avons
1236 2897 1308 2922 cru
1329 2886 1474 2923 devoir
1494 2886 1693 2923 l'inserer.
