2070 3486
742 315 1002 358 -645—

88 411 215 456 alteri
244 412 327 453 hoc
353 410 608 453 denunciet.
642 414 702 454 ut.
736 410 850 452 infra
879 424 1107 452 mensem.
1141 410 1427 452 medietatem
1450 409 1650 451 conserat

90 483 135 525 in
172 482 415 538 expensis;
456 482 576 536 quod
617 481 651 521 si
695 481 836 523 fucere
875 482 1090 531 noluerit,
1134 481 1202 522 vel
1243 480 1503 534 neglexerit.
1548 492 1649 534 pars

90 554 231 597 altera
258 566 390 596 suum
427 551 650 606 compleat
688 552 932 599 editicium,
960 556 999 593 et
1031 552 1200 593 tamdiu
1244 551 1412 593 fruetus
1455 551 1650 602 integros

91 624 294 668 omnium
323 623 685 665 molendinorum
717 623 945 677 percipiat,
984 624 1124 664 ‹louet-
1164 624 1216 663 ‹le
1260 622 1367 677 ipsis
1403 621 1650 663 redditibus

92 695 178 739 sibi
217 694 414 751 plenarie
455 693 587 736 fuerit
623 693 919 735 satisfactum.
962 694 1055 742 Quo
1093 694 1245 735 omnia
1279 692 1569 746 intelligimus
1597 692 1651 732 de

92 765 281 810 edificiis
301 764 566 807 necessariis
587 779 594 810 ;
619 777 755 818 opera
785 764 904 805 enim
929 778 1015 805 non
1042 764 1291 805 necessaria
1313 764 1369 805 ab
1393 776 1480 804 una
1508 765 1649 817 purte,

92 837 190 881 sine
215 849 439 880 consensu
460 834 661 882 alterius,
689 834 782 876 lieri
811 835 1118 889 prohibemus.

152 907 427 951 piscationes
453 909 623 953 autem,
655 919 741 961 que
765 905 807 947 in
830 905 992 947 ictibus
1016 905 1084 947 vel
1113 905 1352 960 aqualibus
1380 903 1654 946 molendino-

93 992 193 1025 rum
222 978 346 1025 l'ient,
371 990 637 1020 communes
666 990 764 1018 esse
790 977 998 1018 volumus
1027 980 1069 1018 et
1098 976 1354 1019 statuimus.
1391 975 1490 1016 aliis
1515 974 1656 1029 pisea-

92 1050 320 1097 tionibus,
363 1062 450 1104 que
487 1051 617 1090 extra
657 1047 769 1089 ictus
815 1048 881 1089 vel
922 1047 1102 1102 aqualia
1145 1046 1283 1098 fient,
1331 1046 1509 1088 nomine
1551 1045 1653 1086 ‹lit-ti

94 1120 371 1168 monasterii,
403 1119 447 1162 in
475 1119 628 1174 aliqua
649 1122 774 1174 parte
796 1119 910 1160 ulvei
941 1119 1043 1160 dicti
1070 1118 1284 1162 fluminis,
1318 1116 1655 1158 remanentibus

94 1192 141 1234 in
167 1191 362 1234 solidum
388 1203 526 1246 penes
554 1189 878 1232 monasterium
902 1189 1226 1244 supi-adirtnm.

153 1263 264 1305 Item
296 1261 506 1304 volumus
538 1264 582 1302 et
620 1260 883 1304 statuimus.
919 1250 1038 1315 Quod
1070 1272 1297 1314 expense,
1353 1273 1438 1313 que
1478 1258 1584 1299 l'ient
1615 1257 1657 1298 in

95 1332 365 1376 molendinis
387 1332 673 1388 presentibus
695 1334 735 1373 et
760 1331 937 1378 tuturis,
958 1330 1120 1372 scilicet
1143 1330 1184 1371 iu
1207 1329 1410 1373 edificiis,
1439 1328 1654 1383 paxmiis,

95 1404 283 1456 familia,
310 1417 390 1446 seu
408 1403 613 1459 ejusdem
628 1402 928 1447 mercedibus,
951 1402 1005 1443 tle
1029 1400 1276 1442 redditibus
1299 1403 1341 1442 et
1364 1399 1657 1454 proventibus

94 1476 359 1519 eorumdem
386 1474 638 1517 comuniter
664 1477 707 1516 et
735 1474 830 1515 sine
853 1473 1178 1515 contraditione
1207 1472 1459 1513 solvuntur.

155 1547 265 1589 Item
284 1546 497 1588 volumus
524 1548 567 1588 et
588 1546 883 1587 mandamus.
921 1545 1040 1599 quod
1076 1543 1261 1599 predicti
1303 1542 1514 1584 dominus
1542 1540 1658 1595 epis-

95 1631 235 1674 copus
261 1616 595 1673 Magalonensis
623 1619 667 1658 et
686 1617 828 1658 abbas
856 1617 1127 1657 anearum
1152 1613 1345 1655 Vallium
1377 1612 1587 1653 universa
1616 1613 1658 1652 et

96 1688 274 1744 singula
313 1691 495 1730 teneant
529 1691 572 1729 et
609 1687 850 1729 observent
890 1686 1167 1741 supradicta.
1207 1685 1290 1725 sub
1327 1696 1439 1738 penu
1479 1685 1657 1723 eentum

96 1760 382 1802 marcharum
428 1759 474 1801 in
513 1758 842 1814 compromisso
888 1761 1123 1806 contenta,
1172 1760 1211 1797 et
1253 1769 1276 1796 a
1324 1754 1417 1796 suis
1462 1753 1659 1806 collegiis

97 1830 263 1874 faciant
282 1830 540 1886 approbari,
567 1833 610 1872 et
631 1829 777 1884 sigilla
798 1829 1060 1871 eorumdem
1084 1826 1249 1882 apponi
1275 1841 1282 1869 ;
1310 1829 1353 1867 et
1374 1825 1491 1879 quod
1516 1824 1660 1864 ‹lietus

96 1902 308 1945 dominus
335 1901 477 1944 abbas
510 1901 586 1943 det
612 1903 656 1943 et
686 1899 829 1943 solvat
856 1901 885 1941 L
904 1899 1041 1941 libras
1071 1897 1390 1953 melgorieuses
1412 1910 1491 1950 pro
1521 1894 1661 1936 laudi-

97 1973 189 2016 mio
210 1973 395 2016 domino
422 1972 634 2028 episcopo
663 1971 936 2027 supradicto.

156 2044 420 2088 Retinemus
452 2046 604 2086 autern
642 2043 773 2085 nobis
808 2044 1077 2097 potestatem
1107 2038 1451 2095 interpretandi.
1496 2037 1531 2078 si
1571 2050 1659 2092 qua

99 2114 335 2172 superbiis
352 2114 561 2158 dubietas
581 2114 788 2161 oriretur,
812 2117 855 2156 et
872 2112 1124 2168 specialiter
1142 2111 1177 2152 si
1197 2110 1407 2153 dominus
1423 2109 1661 2163 episeopus

100 2189 327 2230 teneretur
347 2186 392 2228 in
419 2185 571 2241 aliquo
594 2199 673 2241 pro
694 2185 947 2241 questione.
971 2197 1106 2239 quam
1136 2181 1403 2224 Guillelmus
1434 2180 1659 2233 l'rineeps,

100 2261 150 2300 ut
170 2257 300 2300 nobis
320 2257 497 2304 dicitur,
520 2256 635 2299 dixit
656 2270 702 2299 se
734 2256 957 2298 facturum
980 2258 1132 2297 contra
1162 2252 1409 2308 predirtum
1433 2251 1660 2294 abbatem:

100 2331 146 2371 et
176 2328 213 2371 si
249 2327 489 2371 convenite
522 2341 614 2370 non
649 2330 835 2383 possent
868 2329 1033 2382 partes,
1066 2325 1234 2367 eisdem
1270 2322 1448 2365 arbitris
1485 2321 1663 2362 tertium

99 2399 385 2446 addiderunt,
411 2399 645 2442 sacristam
674 2398 1056 2453 Magalonensem.

159 2471 229 2513 Ad
255 2470 338 2512 hec
364 2483 446 2513 nos
476 2469 613 2512 frater
640 2469 895 2517 Rainevius,
921 2468 998 2510 Dei
1026 2466 1167 2521 gmtin
1197 2462 1528 2520 Magnlonensis
1551 2461 1667 2516 epis-

101 2555 270 2598 copus,
317 2544 362 2584 et
401 2541 537 2584 frater
577 2542 856 2595 Rostagnus.
903 2540 1044 2582 abbas
1088 2535 1347 2579 monasterii
1395 2535 1664 2576 Francorum

103 2612 316 2661 vallium,
351 2612 550 2668 predicta
584 2612 737 2654 omnia
765 2614 809 2653 et
837 2610 1015 2666 singula
1037 2610 1080 2651 in
1108 2609 1293 2650 modum
1324 2605 1571 2662 predictum
1601 2603 1667 2644 in-

102 2683 248 2726 vicem
290 2683 556 2735 laudantes,
597 2683 903 2738 approbantes
945 2684 988 2723 et
1034 2679 1379 2723 confirmantes,
1428 2673 1667 2728 sollempni

104 2753 415 2810 stipulacione,
438 2755 523 2796 sub
541 2768 657 2810 pena
680 2754 893 2810 predicta.
919 2752 1048 2794 nobis
1064 2752 1118 2793 nd
1143 2750 1334 2792 invicem
1364 2741 1668 2803 promittimus

105 2826 223 2868 bona
249 2824 408 2867 fide...
445 2839 528 2867 nos
555 2825 708 2867 omnia
735 2827 777 2866 et
809 2823 1015 2877 singula,
1049 2824 1181 2877 prout
1216 2819 1422 2874 superius
1464 2819 1569 2857 sunt
1595 2829 1672 2856 ex-

107 2909 281 2952 pressa,
307 2909 385 2951 per
407 2909 486 2938 nos
508 2899 552 2938 et
573 2909 730 2937 omnes
750 2898 926 2937 nostros
951 2906 1232 2935 suceessmrs
1257 2889 1446 2931 tirmiter
1468 2891 1507 2928 et
1534 2887 1669 2928 invio-

104 2966 297 3010 labiliter
329 2969 480 3009 tenere
511 2970 555 3009 et
591 2979 793 3009 servare.
833 2969 876 3007 et
913 2965 956 3006 in
991 2963 1112 3006 nullo
1148 2965 1301 3003 contra
1340 2959 1490 3001 venire
1522 2958 1671 3012 aliquo

234 3049 322 3082 Cart.
344 3048 386 3080 de
405 3049 497 3090 May.
520 3067 557 3071 —
578 3049 614 3078 T.
637 3048 665 3078 ΙΙ
1503 3040 1536 3071 41
