2070 3486
1008 302 1064 316 —.
1097 274 1182 316 730
1215 301 1268 305 -—

354 373 593 414 Guillelmo
611 373 664 413 de
690 373 900 412 Aulonno
927 370 1082 415 milite,
1103 370 1348 411 senescallo
1371 370 1601 412 Bellicadri
1620 374 1664 413 et
1685 371 1914 419 Nemausi,

354 447 395 485 et
418 444 601 485 domino
623 442 863 483 (inillelmo
885 442 939 482 dc
963 441 1201 483 Villanova
1221 440 1367 496 judice
1399 441 1511 496 ejus,
1538 456 1584 484 se
1615 442 1919 497 perhibituros

357 514 663 556 testimonium
696 512 887 553 veritati.

413 585 604 627 lntcndit
633 584 823 639 probare
851 583 1066 637 magister
1085 583 1172 628 JO..
1199 583 1389 638 scriptor
1411 583 1584 625 domini
1609 584 1741 637 Petri,
1766 585 1918 640 Maga-

352 656 548 698 lonensis
576 655 789 710 episcopi.
821 654 940 710 quod
965 654 1110 695 dictus
1138 654 1351 705 dominus
1373 654 1613 710 episcopus
1638 654 1841 703 faciebat,
1873 659 1917 698 et

350 728 689 782 predecessores
711 726 778 767 sui
803 725 1014 771 fecerant,
1040 725 1245 779 distringi
1274 728 1317 767 et
1344 725 1483 767 levari
1512 725 1645 767 simul
1674 726 1914 782 pedagium

350 801 509 839 sancte
530 796 696 840 Crucis.
719 799 963 850 antequam
988 795 1133 837 littere
1151 796 1212 850 (1)
1232 794 1371 838 felicis
1392 796 1717 838 recordacionis
1732 797 1914 839 domine

351 869 557 910 sslnnclie.
577 868 807 922 quondam
831 866 1017 908 illustris
1042 867 1192 919 regine
1214 867 1398 909 Francie
1420 881 1556 922 super
1578 870 1718 909 strata
1735 867 1915 922 publica

348 941 401 981 dc
422 939 574 980 Alesto
596 938 862 980 divertenda
882 952 959 992 per
976 937 1271 985 Sumidrium,
1293 941 1445 979 essent
1464 938 1717 993 impetrate,
1741 941 1784 980 et
1803 941 1915 980 tem—

348 1024 454 1065 pore
471 1024 560 1065 quo
579 1009 760 1051 luerunt
780 1009 1034 1064 impetrate,
1057 1012 1099 1050 et
1120 1012 1243 1063 post3
1265 1011 1310 1050 et
1330 1009 1415 1051 hoc
1435 1022 1462 1051 a
1483 1009 1814 1051 divertentibus
1836 1022 1916 1065 per

350 1081 669 1123 Lentesclcrias
697 1083 741 1121 et
767 1080 855 1122 alia
884 1080 979 1122 loca
1013 1079 1131 1122 inl'ra
1166 1093 1299 1122 suum
1333 1080 1598 1122 comitatum
1641 1080 1844 1135 Melgorii
1870 1084 1914 1123 et

347 1152 727 1195 Montislerrandi.
759 1153 957 1206 Tempus
993 1166 1083 1206 quo
1123 1151 1239 1193 dicte
1272 1151 1417 1193 littere
1454 1151 1620 1193 luerint
1655 1138 1925 1207 impeti-ates

351 1224 433 1266 fuit
453 1237 572 1266 anno
600 1223 778 1265 Domini
807 1223 872 1264 ΜΟ
893 1222 1018 1265 CCmO
1038 1223 1262 1271 XLVllII⁰‚
1288 1236 1442 1265 mense
1469 1222 1610 1278 junio.

405 1367 672 1409 Guillelmns
700 1368 775 1409 Bn.
805 1368 860 1409 de
882 1366 1079 1415 Castriis,
1109 1366 1238 1408 miles
1261 1367 1315 1408 de
1337 1366 1536 1414 Castriis,
1565 1366 1690 1408 testis
1716 1366 1907 1422 juratus,

346 1439 460 1481 dixit
488 1453 534 1481 se
559 1439 724 1480 vidisse
747 1442 789 1480 et
816 1438 1046 1480 audivisse
1070 1439 1191 1493 quod
1213 1438 1305 1492 [de]
1326 1437 1520 1480 trocellis
1547 1438 1622 1493 qui
1653 1437 1914 1481 ferebantur

344 1524 371 1552 a
409 1510 806 1565 Montepessulano
851 1522 1010 1551 versus
1050 1509 1256 1551 Alestum
1279 1543 1287 1556 ,
1338 1509 1410 1550 vel
1455 1509 1512 1550 de
1554 1508 1709 1551 Alesto
1754 1522 1912 1552 versus

345 1580 858 1635 Montempessulanum‚
878 1579 1092 1622 dominus
1111 1579 1351 1635 episcopus
1372 1579 1706 1634 Magalonensis
1720 1579 1914 1622 faciebat

344 1652 482 1694 levari
517 1652 757 1707 pedagium
794 1652 915 1706 apud
951 1651 1162 1693 Sanc-tam
1190 1651 1398 1698 Crucem,
1431 1651 1502 1693 vel
1540 1650 1586 1692 in
1623 1664 1912 1706 quocumque

345 1723 439 1765 loco
461 1723 771 1765 invenirentur
795 1722 979 1771 trocelli‚
1005 1725 1109 1765 ante
1136 1726 1332 1764 castrum
1362 1723 1416 1764 de
1443 1722 1642 1771 Castriis‚
1668 1722 1739 1764 vel
1756 1722 1910 1765 villam

345 1795 400 1836 de
422 1794 753 1842 Lentescleriis,
786 1794 857 1836 vel
890 1793 934 1835 in
966 1796 1102 1849 ponte
1130 1795 1185 1836 de
1212 1794 1310 1835 Les.

404 1865 662 1921 Requisitus
685 1865 878 1921 qualiter
905 1865 1006 1913 scit,
1045 1865 1160 1907 dixit
1186 1866 1307 1920 quod
1344 1865 1441 1920 ipse
1471 1865 1598 1907 testis
1632 1864 1716 1907 fuit
1747 1864 1911 1907 multo-

343 1937 479 1985 ciens.v
506 1937 584 1978 XV
607 1937 676 1978 vel
699 1938 774 1978 XX
797 1936 973 1979 vicibus
995 1939 1038 1978 et
1058 1937 1173 1992 plus,
1199 1937 1253 1978 ad
1278 1937 1524 1978 levandum
1542 1937 1785 1992 pedagium
1807 1949 1907 1978 cum

347 2009 498 2055 l'aulo,
532 2008 770 2063 pedagerio
790 2009 1030 2063 'quondam
1060 2008 1232 2049 domini
1258 2008 1502 2055 Johannis,
1533 2007 1731 2063 episcopi
1759 2007 1910 2062 Maga-

345 2079 557 2122 lonensiS.
589 2080 643 2120 de
674 2079 866 2121 trocellis
893 2078 970 2134 qui
1001 2079 1251 2121 transibant
1273 2082 1377 2121 ante
1399 2081 1597 2121 castrum
1624 2079 1679 2121 de
1706 2078 1905 2128 Castriis,

346 2154 389 2192 et
416 2151 541 2192 ibant
561 2165 722 2193 versus
742 2150 1064 2193 Lentesclerias
1092 2153 1137 2192 et
1165 2149 1460 2192 Sumidrium.

405 2222 662 2277 Requisitus
690 2223 883 2278 qualiter
904 2223 985 2264 scit
1006 2223 1126 2277 quod
1157 2222 1273 2264 irent
1293 2222 1590 2274 dictitrocelli
1618 2221 1911 2264 versus'Len-
1953 2259 1956 2263 .

346 2294 572 2335 tesclerias
601 2296 644 2336 et
678 2293 982 2342 Sumidrium‚
1019 2293 1135 2335 dixit
1171 2293 1278 2348 quia
1305 2294 1490 2336 videbat
1523 2281 1656 2349 quodx
1677 2293 1804 2335 ibant
1830 2306 1910 2348 per

344 2365 572 2406 caminum
610 2365 862 2420 publicum,
901 2365 1021 2420 quod
1053 2364 1198 2407 tendit
1229 2366 1284 2407 de
1314 2364 1713 2421 Montepessulano
1750 2377 1909 2407 versus

345 2436 687 2483 Lentesclerias,
731 2439 775 2478 et
812 2436 1091 2478 Sumidrium
1112 2426 1129 2484 ‚¹
1158 2439 1201 2478 et
1228 2436 1458 2483 Alestmn;
1502 2439 1545 2478 et
1579 2436 1793 2478 levabant
1828 2448 1908 2491 pro

345 2508 533 2561 singulis
561 2508 754 2550 trocellis
782 2508 858 2549 XII
886 2508 1095 2549 denarios
1123 2507 1461 2562 melgorienses.

404 2579 659 2634 Requisitus
698 2580 752 2621 de
782 2582 983 2634 tempore
1011 2592 1112 2634 quo-
1129 2578 1241 2621 vidit
1268 2578 1483 2634 predicta,
1515 2577 1631 2620 dixit
1655 2577 1776 2633 quod
1804 2579 1910 2620 sunt

346 2650 458 2692 bene
479 2650 556 2691 XX
577 2650 698 2691 anni.

363 2722 365 2724 ’
402 2721 511 2762 Item
541 2721 656 2762 dixit
683 2721 808 2763 testis
834 2722 970 2776 quod,
1002 2723 1106 2776 post
1134 2723 1326 2763 mortem
1354 2720 1458 2762 dicti
1488 2720 1629 2769 Pauli,
1661 2719 1747 2762 fuit
1772 2720 1908 2775 peda-

341 2791 490 2846 gerins
513 2791 683 2833 domini
711 2792 945 2841 Jolmnnis,
972 2793 1203 2847 quondam
1234 2785 1569 2845 Magalonensis
1593 2790 1807 2846 episcopi,
1834 2790 1903 2832 Jo.

391 2954 438 2998 tl)
469 2952 564 2987 Voii·
581 2962 649 2987 ces
668 2952 829 2995 lettres,
854 2952 1073 2988 ci—dessus.
