2070 3486
977 289 1029 294 —-
1064 262 1150 304 696
1186 286 1237 292 ——

329 369 485 406 octavo
515 362 729 403 kalendas
763 359 972 401 octobris.
1005 371 1088 411 ego
1124 355 1337 409 magister
1362 354 1613 396 Johannes.
1648 357 1791 396 rector
1820 368 1886 396 ec-

330 436 459 476 clesie
481 436 534 475 dc
565 431 849 476 §tormenta-i,
874 432 1023 471 utente
1051 431 1094 469 et
1115 427 1354 479 diligenter
1384 426 1585 481 inspecta
1610 439 1712 466 cum
1748 426 1889 467 multa

328 505 661 547 delibui-titione.
693 506 828 556 atquc
855 500 1040 542 consilio
1071 498 1266 554 plurium
1290 497 1459 544 habito,
1491 510 1571 552 per
1599 509 1669 551 me
1691 499 1736 538 et
1763 509 1888 538 meos

330 590 661 618 stl('('OSSO1'(⁸S...
695 571 1044 627 permutaciouis
1073 568 1377 611 irrevocabilis
1402 567 1528 609 titulo
1554 567 1598 608 in
1618 570 1885 622 perpetuum

330 647 591 700 derelinquo
621 644 748 685 vobis
781 643 966 684 domino
995 641 1158 695 i'[‹=tro]
1195 641 1249 681 de
1278 638 1484 686 ConchiS,
1519 638 1595 680 Dei
1626 638 1770 692 gratia
1796 638 1887 680 Ma-

329 717 558 770 galoncnsi
606 715 838 770 episcopo,
890 717 933 755 et
979 712 1191 755 omnibns
1237 713 1279 753 et
1325 710 1514 765 singulis
1553 709 1887 752 successoribus

333 789 506 840 vestris,
532 786 753 841 episcopis
774 783 1186 837 Magaloncnsibus,
1213 784 1357 824 totum
1381 780 1589 823 videlicet
1614 783 1810 823 castrum
1832 781 1887 822 de

331 858 614 903 Mnrowtcri,
635 870 735 898 cum
754 856 877 897 omni
894 855 990 910 ejus
1009 854 1210 895 districtu
1235 856 1278 895 et
1295 852 1608 908 jurisdiccione
1632 851 1883 907 temporali,

328 934 462 985 atquc
485 930 578 970 snis
597 928 786 983 juribus,
810 930 853 968 et
874 926 1086 967 omnibus
1117 923 1404 979 pertinenciis
1425 926 1469 964 et
1489 922 1778 978 appenditiis,
1800 935 1888 977 que

330 1001 461 1043 michi
490 1004 532 1042 ct
559 999 741 1041 ecclesie
776 1011 874 1039 mee
901 999 1165 1051 competunt
1200 995 1266 1036 vel
1305 997 1562 1049 competere
1589 996 1781 1049 possunt
1808 1007 1888 1036 seu

329 1074 508 1115 debent.
549 1074 626 1112 aut
668 1070 778 1110 meis
819 1067 1215 1123 predecessoribus
1254 1065 1451 1108 dominis
1494 1065 1695 1121 ejusdem
1736 1064 1885 1117 castri,

332 1143 518 1187 ratione,
552 1141 785 1183 occasione
815 1140 882 1181 vel
918 1139 1099 1181 nomine
1131 1137 1314 1193 majoris
1342 1136 1529 1179 dominii
1557 1139 1635 1178 aut
1661 1135 1884 1185 senhorie,

329 1215 423 1256 sive
455 1214 562 1255 meri
592 1212 768 1267 imperii
796 1214 931 1266 atque
964 1210 1109 1253 mixti.
1148 1209 1216 1250 vel
1251 1208 1579 1264 jurisdiceionis
1609 1206 1885 1262 temporalis,

328 1285 661 1340 compeeicrnnt
682 1283 751 1323 vel
774 1284 1029 1337 competere
1055 1281 1145 1322 ullo
1167 1293 1368 1335 unquam
1392 1282 1594 1334 tempore
1616 1279 1885 1323 debuerunt,

329 1357 417 1398 sint
445 1355 650 1397 homines
678 1354 746 1395 vel
778 1353 958 1400 femine,
985 1351 1200 1400 dominia,
1226 1350 1456 1398 laudimia,
1482 1349 1683 1397 consilia,
1708 1362 1886 1397 census,

329 1427 518 1470 usatica.
556 1428 823 1481 quartoneS,
867 1427 1046 1479 tasque,
1090 1423 1220 1471 tolte,
1265 1421 1436 1477 quiste,
1484 1421 1622 1473 lesde,
1665 1420 1886 1476 explecte,

330 1499 481 1545 feuda,
514 1496 719 1544 servicia,
750 1509 937 1551 pascua,
970 1497 1118 1550 prata,
1157 1496 1317 1549 patna,
1351 1492 1543 1547 garrice,
1578 1491 1777 1540 ‹levesia,
1814 1504 1887 1533 ne-

329 1584 469 1612 mora.
513 1568 659 1620 devia,
706 1567 880 1622 riperie.
925 1565 1179 1621 fol-iscapia,
1225 1579 1300 1607 seu
1342 1563 1539 1619 acapsta,
1588 1562 1885 1611 municiones,

331 1640 621 1686 venaciones,
646 1638 1005 1686 dominacioneS,
1031 1637 1349 1684 districtiones,
1382 1636 1554 1687 banna,
1589 1633 1886 1687 excorrentie,

330 1711 729 1767 preconizaciones,
752 1709 996 1757 firmancie,
1018 1707 1209 1763 justicie.
1228 1707 1585 1762 pignoraciones,
1610 1704 1885 1761 empeiones,

328 1783 491 1838 placita
519 1784 556 1822 ct
588 1781 788 1823 districta
814 1781 858 1821 in
886 1780 1032 1822 causis
1066 1779 1288 1826 civilibus,
1315 1777 1585 1833 pecuniariis
1613 1779 1657 1819 et
1682 1775 1888 1818 crimina-

327 1854 465 1900 libus,
497 1866 825 1907 causarumque
859 1851 1063 1893 omnium
1096 1853 1139 1892 et
1170 1849 1451 1906 justiciarum
1479 1848 1790 1896 execuciones,
1820 1860 1891 1889 ac-

329 1925 485 1966 tiones.
502 1924 759 1979 peticiones,
781 1923 1137 1978 prosecuciones,
1158 1922 1553 1968 demandamenta,
1568 1922 1610 1962 et
1631 1919 1719 1961 alia
1738 1917 1892 1961 omnia

326 1996 423 2051 jura
452 1995 700 2050 corporalia
735 1998 777 2036 ct
807 1993 1119 2050 incorporalia,
1160 1992 1387 2035 ordinaria
1417 1991 1485 2034 vel
1512 1989 1886 2038 extraordinaria,

330 2080 475 2108 rernm
515 2066 828 2121 principalium
858 2066 927 2108 vel
963 2064 1302 2115 accessionum,
1334 2064 1479 2119 [quod
1503 2063 1565 2117 (1)
1605 2065 1802 2104 castrum
1847 2064 1892 2103 et

328 2138 414 2179 alin
442 2138 593 2179 onmia
613 2140 657 2178 ct
684 2137 861 2192 singula
881 2136 1139 2192 supradicta
1161 2136 1386 2182 tenebam,
1409 2137 1453 2176 et
1476 2136 1626 2176 tenere
1648 2133 1886 2180 debebam,
1924 2187 1927 2190 ἥ

328 2223 350 2250 :1
384 2209 509 2250 vobis
531 2212 573 2250 ct
595 2208 928 2250 successoribus
957 2207 1134 2255 vestris,
1166 2210 1210 2249 et
1237 2219 1309 2249 me
1336 2209 1472 2261 atque
1503 2218 1629 2247 meos
1656 2204 1892 2259 predeces-

329 2295 451 2321 sores
471 2280 514 2321 in
533 2281 689 2321 eodem
712 2279 897 2321 ecclesia
915 2279 1056 2322 fateor
1076 2279 1316 2332 tenuisse]:
1342 2277 1470 2332 cujus
1491 2276 1624 2319 castri
1644 2288 1747 2318 cum
1766 2274 1893 2317 omni

330 2365 409 2392 suo
436 2351 654 2398 districtu,
686 2354 729 2393 et
753 2351 957 2392 omnium
987 2350 1313 2405 predictorum,
1344 2351 1389 2390 et
1413 2348 1603 2390 aliorum
1633 2346 1775 2388 eciam
1802 2359 1890 2402 que

330 2422 461 2464 michi
510 2436 585 2463 sen
627 2422 819 2464 Ecclesie
860 2435 959 2463 mee
1002 2421 1206 2477 ejusdem
1244 2420 1329 2462 loci
1371 2419 1618 2475 pertinent,
1667 2417 1890 2473 pertinere

329 2496 517 2548 possunt
565 2493 632 2534 vel
672 2494 861 2545 debent,
903 2493 1054 2548 aliquo
1099 2493 1249 2540 modo,
1298 2491 1497 2538 racione,
1540 2490 1611 2532 vel
1657 2488 1890 2531 occasione

329 2565 530 2612 dominii,
567 2564 789 2613 senhorie,
830 2564 901 2606 vel
925 2563 1253 2620 jurisdiccionis
1288 2561 1548 2618 temporalis
1582 2559 1782 2617 majoris,
1813 2562 1892 2604 aut
1946 2595 1949 2597 ,

329 2635 436 2676 meri
478 2635 651 2690 imperii
690 2638 826 2690 atque
866 2635 1016 2683 mixti,
1064 2634 1386 2690 proprietatem
1422 2645 1576 2675 veram
1617 2633 1662 2674 et
1700 2643 1890 2673 vacuam

331 2706 678 2760 possessionem,
709 2720 788 2748 seu
816 2706 946 2762 quasi
975 2706 1326 2762 possessionem.
1357 2704 1486 2747 vobis
1516 2694 1717 2751 tradens,
1747 2715 1826 2744 vos
1848 2703 1892 2743 et

330 2780 504 2819 vestros
550 2791 829 2819 successores
859 2791 989 2819 veros
1035 2777 1244 2819 dominos
1273 2779 1318 2818 et
1350 2777 1662 2831 procuratores
1698 2773 1811 2815 facio
1847 2774 1892 2815 et

392 2932 401 2965 1
454 2933 526 2966 Les
546 2935 653 2966 mets
670 2934 785 2967 entre
805 2930 995 2966 crochets
1016 2941 1065 2965 ne
1082 2940 1125 2965 se
1142 2932 1340 2965 trouvent
1359 2939 1438 2976 que
1461 2928 1564 2964 dans
1587 2927 1622 2963 le
1640 2926 1820 2974 registro
1841 2926 1886 2962 C.
