2070 3486
1005 240 1268 282 -278—

356 338 481 380 salva
521 338 649 379 nobis
683 340 726 379 et
760 335 1094 378 successoribus
1133 335 1298 377 nostris
1335 335 1642 377 dominatione
1682 339 1835 378 nostra
1874 335 1916 378 in

356 410 472 450 dicto
495 411 648 449 Castro
671 411 715 448 et
735 407 831 462 ejus
849 406 1146 461 pertinentiis.

416 481 462 521 1⁴31
498 480 530 519 si
572 478 827 531 contigerit,
865 478 986 532 quod
1024 479 1140 519 Deus
1168 479 1370 525 avertat,
1417 491 1496 518 nos
1538 478 1605 519 vel
1635 492 1916 520 successores

356 554 547 592 nostros.
573 563 674 591 cum
693 549 845 604 aliquo
868 549 939 591 vel
957 562 1059 591 cum
1081 549 1323 604 aliquibus,
1345 562 1553 603 guerram
1576 549 1757 595 habere,
1782 550 1918 591 ‹lebe-

357 623 410 663 lis
442 636 520 662 nos
557 625 599 662 et
638 634 919 662 successores
963 623 1163 664 nostros.
1195 623 1239 661 et
1278 633 1346 661 res
1375 623 1552 661 nostras
1588 619 1828 662 defendere
1868 634 1919 663 ac

359 693 467 734 lueri
497 696 648 734 eontra
678 705 837 733 omnes
868 691 1074 733 inimicos
1104 694 1296 733 nostros.
1330 694 1373 732 et
1403 692 1459 732 ab
1487 691 1699 732 omnibus
1727 691 1919 733 inimicis

359 764 522 805 nostris
556 777 657 804 runi
686 763 804 804 dieto
839 762 1019 809 Castro,
1056 765 1276 817 pervento
1315 762 1368 803 ad
1409 775 1595 803 manum
1619 765 1838 810 vestram,
1878 766 1922 804 et

359 835 616 876 bominibus
638 834 840 888 ejusdem
868 832 1025 875 Castri.
1050 832 1174 882 Quod
1206 833 1241 873 si
1272 832 1412 874 faeere
1438 832 1685 879 nolueritis,
1712 833 1781 874 vel
1810 833 1921 875 omi-

358 907 519 948 seritis.
540 905 711 947 debetis
735 905 903 946 dictum
923 904 1130 946 Castrum
1153 904 1283 946 nobis
1306 904 1373 945 vel
1399 904 1733 945 successoribus
1756 905 1920 947 nostris

360 978 543 1018 redden-«1¹
569 977 774 1017 liberum.
808 979 851 1017 et
876 976 1048 1030 absque
1077 975 1202 1016 omni
1229 975 1570 1029 impedimento,
1600 978 1647 1016 ut
1673 988 1772 1016 cuin
1803 975 1920 1018 dicto

358 1050 512 1091 Castro
535 1051 579 1090 et
600 1047 859 1089 hominibus
881 1046 1084 1102 ejusdem
1107 1046 1263 1089 Castri.
1296 1060 1376 1087 nos
1400 1049 1443 1087 et
1470 1060 1751 1088 successores
1780 1048 1920 1089 nostri

358 1120 586 1175 possimus
618 1118 896 1173 guerreirare
931 1117 1137 1159 inimicos
1167 1120 1367 1165 nostros,
1400 1120 1444 1159 et
1471 1131 1552 1159 nos
1574 1120 1618 1159 et
1644 1131 1714 1159 res
1744 1121 1919 1160 nostras

359 1191 599 1234 defendere
619 1191 676 1232 ab
699 1190 885 1231 eisdem.

417 1264 527 1304 Pace
556 1275 664 1303 vero
687 1260 931 1302 reformata
957 1260 1074 1302 inter
1103 1273 1184 1301 nos
1213 1260 1281 1301 vel
1312 1273 1592 1302 successores
1620 1263 1799 1302 nostros
1820 1274 1922 1302 cum

360 1334 551 1376 inimicis
571 1333 736 1374 nostris
754 1332 826 1373 vel
849 1344 1161 1373 successorum
1186 1334 1458 1376 nostrorum,
1478 1345 1560 1372 nos
1579 1334 1623 1373 et
1644 1344 1924 1374 successores

360 1405 497 1447 nostri
538 1405 757 1446 debemus
794 1403 938 1451 vobis,
973 1402 1045 1444 vel
1072 1403 1407 1445 successoribus
1441 1403 1618 1447 vestris.
1651 1406 1695 1444 et
1729 1403 1924 1458 capitulo

361 1475 684 1529 Magalonensi,
710 1475 879 1517 dictum
902 1474 1107 1516 Castrum
1139 1474 1291 1516 statim
1321 1475 1520 1522 reddere,
1548 1474 1642 1516 sine
1671 1474 1926 1516 0111111ᾶί13-

362 1549 479 1590 tione
508 1551 551 1589 et
586 1546 953 1594 contradictione,
994 1546 1166 1601 absque
1194 1546 1317 1587 omni
1352 1546 1693 1601 impedimento,
1731 1546 1922 1588 liberum

359 1623 401 1662 et
429 1619 703 1665 absolutum,
736 1631 838 1659 cum
867 1618 1079 1659 omnibus
1110 1618 1242 1659 rebus
1270 1631 1383 1672 quas
1411 1617 1920 1664 ibideminvenerimus.

359 1706 411 1733 eo
441 1695 642 1745 tempore
671 1704 761 1745 quo
790 1689 920 1731 nobis
943 1689 1168 1730 redditum
1193 1689 1340 1735 fuerit,
1376 1689 1446 1731 vel
1469 1689 1805 1731 successoribus
1825 1702 1928 1731 nos-

361 1763 453 1811 tris,
479 1778 503 1804 n
529 1762 671 1807 vobis,
700 1764 777 1803 aut
798 1775 823 1803 a
850 1761 1184 1803 successoribus
1208 1761 1384 1809 vestris,
1411 1775 1490 1804 seu
1513 1774 1537 1803 a
1559 1760 1754 1817 capitulo
1775 1761 1927 1816 Maga-

361 1834 552 1877 lonensi.

424 1908 628 1949 l’reterea
656 1906 888 1948 sciendum
918 1908 986 1947 est
1013 1906 1155 1960 quod.
1190 1907 1363 1947 mutato
1398 1904 1609 1960 episcopo
1649 1903 1694 1946 in
1731 1902 1929 1959 Magalo-

363 1979 489 2021 nensi
517 1977 727 2026 Ecclesia,
755 1991 834 2020 seu
855 1978 909 2020 de
932 1991 1051 2019 novo
1073 1977 1212 2020 electo
1235 1979 1278 2019 et
1311 1975 1604 2024 confirmato,
1630 1976 1725 2019 sive
1753 1977 1926 2019 mutato

363 2051 590 2107 preposito
629 2051 674 2092 in
714 2049 1022 2105 Magalonensi
1059 2049 1279 2095 Ecclesia.
1323 2052 1401 2091 aut
1439 2050 1493 2091 de
1536 2055 1652 2091 novo
1700 2048 1839 2091 electo
1883 2050 1928 2091 et

361 2124 610 2179 approbato
638 2123 683 2164 in
711 2121 1016 2177 Magalonensi
1045 2121 1263 2176 capitulo,
1294 2124 1399 2163 tune
1434 2120 1634 2163 existens
1669 2119 1927 2176 prepositus

361 2196 405 2236 in
432 2195 627 2237 Ecclesia
653 2193 977 2248 Magalonensi.
1004 2193 1074 2234 vel
1093 2193 1340 2248 capitulum
1361 2193 1695 2247 Magalonense,
1720 2191 1927 2234 Castrum

362 2266 610 2322 predictum
635 2267 689 2307 de
714 2264 918 2306 Lundris.
951 2267 1219 2319 perventum
1242 2265 1298 2305 ad
1322 2266 1506 2305 manum
1531 2263 1644 2318 ejus,
1669 2263 1805 2305 debet.
1832 2263 1930 2305 red-

362 2340 466 2379 dere
489 2341 529 2378 et
561 2350 891 2391 recognoscere,
920 2349 998 2391 pro
1024 2335 1327 2391 recognitione
1346 2335 1684 2382 dominationis,
1717 2334 1928 2389 episcopo

364 2408 694 2461 magalonensi,
738 2411 842 2449 tunc
879 2407 1090 2449 existenti
1127 2407 1169 2447 in
1212 2406 1408 2448 Ecclesia.
1448 2405 1788 2461 Magalonensi;
1838 2419 1928 2461 quo

366 2483 566 2535 peracto.
600 2479 776 2526 statim,
811 2480 983 2533 absque
1020 2478 1143 2519 omni
1180 2478 1394 2520 dilatione
1428 2481 1472 2520 et
1507 2476 1858 2520 contradictione
1885 2479 1930 2518 et

365 2551 703 2605 impedinwnto,
731 2553 836 2591 tunc
857 2550 1056 2591 existens
1079 2549 1316 2604 episeopus
1340 2549 1380 2590 in
1405 2548 1713 2604 Magalonensi
1734 2547 1929 2590 Ecclesia

363 2623 497 2664 debet
515 2622 682 2663 dictum
705 2621 912 2663 Castrum
930 2620 1121 2661 liberum
1144 2623 1186 2662 et
1207 2620 1467 2662 absolutum
1490 2620 1676 2661 reddere
1699 2618 1928 2675 preposito

363 2693 670 2748 Magalonensi
690 2695 793 2734 tunc
813 2692 1041 2738 existenti,
1075 2706 1152 2733 seu
1174 2692 1371 2746 capitulo
1401 2691 1722 2746 Magalonensi.

423 2766 533 2805 Acta
561 2766 667 2805 sunt
694 2764 775 2805 hec
795 2763 949 2804 omnia
973 2763 1094 2817 apud
1118 2763 1418 2817 Magalonam,
1444 2762 1488 2803 in
1516 2762 1715 2817 generali
1735 2760 1932 2817 capitulo

368 2835 689 2891 Magalonensi,
726 2835 771 2876 in
799 2834 913 2876 festo
942 2834 1059 2876 beati
1089 2835 1345 2889 Augustini,
1377 2848 1496 2877 anno
1527 2837 1570 2876 et
1597 2833 1667 2876 die
1702 2831 1927 2889 predictis,

363 2908 408 2950 in
443 2906 670 2964 presentia
697 2909 741 2949 et
771 2906 1032 2949 testimonio
1062 2906 1280 2962 Stephani
1308 2907 1363 2949 de
1394 2906 1585 2963 Campo,
1610 2903 1841 2948 -Johannis
1873 2903 1927 2946 de
