2070 3486
801 326 852 330 —
887 299 970 343 587
1006 326 1060 332 --

149 395 323 451 peciam
352 397 467 437 terre
495 408 596 436 eum
633 395 844 437 omnibus
877 395 1161 450 pertinenciis
1200 395 1308 443 suis,
1349 408 1487 450 quam
1513 396 1570 437 ab
1608 395 1705 450 ipso

148 466 267 508 dicto
293 465 477 508 domino
505 466 717 521 episcopo
751 466 1043 513 teneba1nus;

204 535 297 586 Que
329 536 453 592 pecia
479 539 547 578 est
575 537 618 577 in
648 537 856 578 terminio
891 538 945 579 de
973 537 1112 583 Gella.
1140 540 1183 579 et
1203 536 1513 579 eonfrontatur
1534 551 1590 579 ex
1618 538 1708 579 un'a

146 610 272 664 parte
310 620 411 649 cum
448 608 617 649 honore
657 608 867 649 liei-nardi
894 608 1045 662 Longi,
1080 612 1123 649 et
1157 622 1213 650 ex
1240 608 1381 650 altera
1406 621 1508 650 cum
1537 608 1706 650 honore

146 678 400 733 Berengarii
428 678 721 732 Ermengavi,
761 682 804 720 et
843 692 900 721 ex
932 679 1071 721 altera
1106 692 1206 721 cum
1245 678 1437 721 carreria
1469 679 1523 723 de
1559 679 1699 729 Gella,

146 752 191 792 et
211 763 268 791 ex
285 748 427 791 altera
446 762 548 790 cum
570 749 738 791 honore
761 750 875 791 Petri
900 749 1106 792 ltainolli.

205 821 289 862 Pro
323 819 471 875 precio
511 819 645 874 hujus
680 818 981 868 vendicionis,
1025 821 1337 874 cognoscimus
1378 835 1460 863 nos
1492 822 1704 864 habuisse

144 890 379 946 sexaginta
393 890 562 932 solidos
585 891 920 943 melgorienses,
941 906 1054 947 quos
1073 905 1174 933 vere
1193 895 1254 939 tn,
1271 892 1416 934 dictus
1438 892 1705 935 Guillelmus

143 963 198 1005 de
213 961 494 1009 Ventallone.
517 975 595 1017 pro
615 962 732 1003 dicto
749 963 933 1005 domino
947 963 1158 1018 episcopo
1177 963 1453 1018 persolvisti;
1477 963 1520 1005 in
1540 964 1705 1019 quibus

141 1047 198 1076 ex
218 1036 340 1076 certa
367 1032 553 1075 seientia
577 1033 894 1075 renunciamus
920 1034 1178 1089 excepcioni
1214 1048 1303 1076 non
1339 1037 1573 1077 numerate
1606 1049 1705 1090 pee-

141 1105 270 1147 cunie
298 1107 342 1147 e't
368 1118 458 1147 non
486 1104 620 1146 soluti
650 1104 811 1159 precii,
844 1108 887 1146 et
919 1105 954 1146 si
986 1105 1086 1160 plus
1126 1105 1244 1147 valet
1279 1106 1397 1148 dicta
1436 1119 1559 1148 res..
1591 1106 1701 1149 illud

142 1179 342 1219 totum...
373 1176 590 1218 damus...
616 1179 659 1217 et
682 1189 762 1218 nos
782 1179 826 1218 et
853 1179 1030 1218 nostros
1061 1176 1162 1218 inde
1184 1177 1532 1219 disvestimus...
1558 1180 1601 1220 et
1623 1191 1702 1233 pro

140 1246 416 1290 evictione...
444 1246 515 1289 Sic
543 1247 637 1292 tibi.
672 1246 790 1288 dieto
811 1246 1051 1288 Guillelmo
1080 1248 1134 1289 de
1161 1247 1442 1295 Ventallone,
1477 1261 1556 1303 pro
1583 1248 1701 1290 dieto

138 1318 324 1361 domino
376 1317 683 1373 Magalonensi
737 1318 947 1373 episcopo
996 1318 1253 1373 stipulanti,
1305 1319 1611 1373 promittimus
1660 1322 1703 1361 et

136 1390 340 1446 juramus
376 1402 512 1445 super
554 1391 707 1431 sancta
738 1391 934 1444 quatuor
967 1389 1044 1432 Dei
1072 1389 1322 1444 evangelia,
1354 1403 1380 1432 a.
1407 1390 1536 1432 nobis
1563 1390 1702 1445 gratis

137 1460 430 1516 corporaliter
452 1463 582 1503 tacta.

196 1532 249 1574 Et
281 1535 349 1574 est
378 1531 628 1580 sciendum,
661 1532 780 1586 quod
811 1545 890 1573 nos
919 1532 1156 1579 dabamus,
1187 1546 1266 1586 pro
1294 1531 1411 1573 dicta
1440 1532 1564 1587 pecia
1587 1535 1701 1574 terre

137 1603 336 1651 vendita,
369 1603 606 1645 annuatim
629 1616 707 1658 pro
731 1602 917 1650 usatico.
944 1603 1196 1645 Raimundo
1228 1603 1411 1644 l‘airolis
1433 1617 1573 1644 unum
1599 1618 1699 1646 sex-

137 1675 302 1718 tarium
340 1674 480 1723 ordei,
511 1688 591 1730 pro
637 1677 767 1716 sexta
806 1677 931 1729 parte
971 1673 1213 1723 frumenti,
1245 1688 1331 1729 que
1369 1675 1599 1729 quondam
1636 1675 1696 1717 ibi

137 1746 349 1789 habebat.

193 1818 347 1860 Testes
375 1820 480 1860 sunt
508 1816 789 1859 Raimundus
817 1816 1030 1864 Alaman,
1063 1818 1220 1859 Petrus
1248 1818 1302 1859 de
1333 1817 1618 1865 Levannaoe,
1656 1820 1700 1859 et

133 1902 216 1943 ego
251 1887 482 1936 Salvator,
515 1887 716 1930 notarius
749 1888 956 1943 publicus
989 1888 1123 1930 castri
1155 1889 1210 1930 de
1247 1888 1485 1936 Porsiano,
1519 1891 1562 1930 et
1595 1888 1700 1931 dicti

132 1959 303 2002 domini
342 1959 675 2015 Magalonensis
711 1959 931 2015 episcopi,
963 1959 1064 2014 qui,
1104 1960 1317 2001 mandato
1353 1959 1580 2014 parcium,
1621 1960 1700 2002 hec.

131 2031 304 2086 scripsi.
335 2033 380 2074 et
400 2031 623 2087 superius,
652 2031 728 2073 ubi
750 2030 913 2086 legitur
933 2031 1212 2088 episcopum,
1241 2031 1553 2086 superscripsi.

1138 2126 1234 2165 (neg.
1259 2126 1292 2159 F,
1316 2125 1361 2156 tol
1397 2125 1436 2156 95·
1466 2127 1520 2163 νυ)

607 2323 843 2359 DLXXXV.
873 2343 916 2348 —
943 2323 988 2358 ⁴23
1013 2323 1104 2368 J'uin
1133 2323 1219 2359 1251

167 2425 360 2462 Accord
380 2428 521 2462 entre
543 2426 720 2462 Pierre
741 2426 800 2462 de
821 2425 1048 2472 Conques
1069 2429 1118 2463 et
1138 2427 1369 2463 Ber-nard
1391 2427 1450 2462 de
1469 2428 1655 2462 Lattes.

188 2530 405 2573 Noverint
447 2530 672 2577 universi,
714 2532 836 2586 quod
874 2531 954 2573 heo
991 2534 1059 2573 est
1092 2534 1211 2573 carta
1238 2531 1488 2573 amicabilis
1513 2544 1695 2586 compo-

129 2601 310 2643 sicionis
349 2615 429 2644 seu
462 2601 780 2644 transaceionis
821 2601 933 2644 facte
968 2602 1084 2644 inter
1118 2602 1355 2644 dominum
1395 2602 1611 2657 l'[etrum]
1639 2602 1694 2644 de

126 2672 333 2720 Conchis‚
371 2672 449 2715 Dei
485 2673 626 2727 gratia
664 2672 927 2728 episcopum
971 2674 1360 2729 Magalonensem,
1395 2676 1603 2727 agentem
1633 2686 1690 2714 ex

128 2757 218 2785 una
246 2747 370 2799 parte
390 2759 398 2791 ;
426 2747 470 2786 et
493 2745 767 2786 Bernardum
791 2745 846 2786 de
867 2745 984 2786 Latis
1004 2744 1356 2790 dellendentem.
1384 2744 1526 2785 lilium
1549 2757 1694 2799 quon-

126 2815 231 2857 dam
258 2817 303 2856 et
329 2815 541 2857 heredem
563 2815 606 2856 in
629 2816 711 2856 liae
733 2818 857 2869 parte
878 2816 1098 2857 =iohannis
1120 2817 1175 2857 de
1200 2816 1317 2857 Latis
1343 2815 1604 2870 jurisperiti,
1632 2828 1688 2856 ex

126 2885 291 2933 altera:
323 2900 459 2941 super
487 2886 705 2941 peticione
737 2900 816 2928 seu
851 2886 1165 2941 peticionibus,
1198 2900 1333 2942 quain
1359 2901 1437 2928 seu
1459 2900 1571 2941 quas
1596 2899 1693 2940 pre-

127 2956 246 3000 fatus
267 2956 478 3000 deminus
501 2957 739 3022 episeopus
761 2971 787 2999 a
814 2958 931 2999 dicto
960 2959 1185 3001 Bernardo
1215 2958 1420 3005 faciebat,
1453 2957 1522 3000 vel
1546 2957 1687 2999 farere
