2070 3486
1007 291 1057 295 —-
1094 264 1180 306 360
1216 290 1266 294 —

419 368 538 407 l'nde
570 367 682 405 bon«=
714 362 927 403 nlenuswie
956 360 1166 401 dominus
1197 359 1418 400 Honorius
1449 359 1593 413 l’apa,
1625 359 1914 412 predcressor

362 442 528 478 vester.
561 434 744 476 donnino
786 435 984 474 Romano
1018 430 1253 476 ren-dinali,
1297 428 1550 484 ¹&postolice
1582 429 1711 470 Sedis
1752 429 1910 481 legato,

360 509 451 549 suis
479 507 594 548 ‹h-‹lil
630 505 785 546 litteris
815 504 856 544 in
888 503 1127 544 mandalis.
1162 504 1203 542 nl
1235 515 1288 542 ea
1314 514 1416 555 que.
1448 501 1502 541 de
1527 499 1655 541 bonis
1678 499 1917 540 comitatus

361 578 542 634 predirli
586 576 805 617 inveniret
839 573 987 614 illicite,
1023 573 1221 613 alienata
1256 572 1323 612 vel
1362 571 1587 618 distracta,
1633 571 1689 612 ad
1724 571 1918 612 eundem

360 650 554 702 legitime
592 649 844 688 revocaret.
894 644 1065 699 prelato
1105 644 1314 698 episcopo
1354 642 1517 684 laceret
1555 641 1801 694 assignari:
1842 641 1919 696 qui

357 735 456 763 enin
477 718 671 773 generali
698 717 880 771 negocio
901 717 1037 757 jhesu
1060 714 1238 760 Christi,
1264 715 1382 769 quod
1409 713 1451 754 in
1476 713 1680 768 partibus
1709 712 1920 767 Albigen-

356 793 480 833 sibus
507 790 725 843 agitatnm
751 788 812 841 (l)
863 791 981 828 totns
1023 786 1282 841 implicitus.
1330 784 1633 845 predictorum
1663 783 1918 825 executioni

361 863 590 904 intendere
613 860 673 909 ‹2›
714 874 800 900 non
829 859 997 900 valeret
1029 858 1114 911 (3),
1150 855 1394 897 venerabili
1432 855 1546 910 patri
1579 854 1917 910 archiepiscopo

359 932 637 976 Narbonensi
666 944 847 973 causam
880 930 1039 984 ipsam.
1077 943 1165 983 qua
1197 927 1466 982 fungebatur
1491 926 1771 973 auctoritate,
1798 938 1920 968 com-

364 1004 495 1046 misit.

419 1076 541 1117 Unde
565 1072 788 1128 supplicat
809 1071 1042 1113 Sanctitati
1064 1071 1221 1111 Vestro
1243 1069 1388 1111 dictus
1415 1068 1670 1124 episcopus,
1693 1070 1920 1123 quatenus

359 1148 503 1189 eidem
532 1144 868 1199 archiepiscopo
898 1143 1089 1183 scribere
1119 1141 1389 1195 digmffmini,
1429 1143 1477 1182 ut
1503 1140 1549 1181 in
1582 1139 1762 1194 negotio
1803 1139 1917 1194 ipso,

357 1232 382 1259 a
418 1217 535 1258 dieto
564 1216 709 1270 legato
745 1214 829 1256 sibi
869 1213 1082 1260 comisso,
1128 1212 1377 1254 secundum
1417 1211 1608 1252 formam
1637 1213 1681 1252 et
1720 1214 1921 1253 tenorem

362 1287 561 1342 rescripti
580 1285 751 1327 domini
773 1283 1103 1340 predecessoris
1130 1283 1263 1325 vestri
1287 1282 1527 1337 procedere
1546 1295 1636 1323 non
1662 1284 1918 1336 postponet,

362 1372 451 1401 non
484 1356 769 1399 obstantibus
797 1351 1218 1397 confirmationibus
1260 1367 1395 1408 super
1434 1352 1543 1407 ipsis
1570 1351 1921 1394 alienationibus

363 1431 428 1471 vel
452 1429 550 1471 aliis
573 1428 710 1470 literis
740 1442 762 1469 a
794 1428 908 1469 Sede
936 1425 1210 1481 Apostolica,
1245 1424 1377 1466 tacita
1398 1423 1587 1465 veritate
1610 1423 1681 1465 vel
1711 1425 1924 1478 suggesta

364 1501 571 1547 falsitate,
605 1499 878 1554 impretratis
906 1498 979 1539 vel
1006 1496 1318 1552 impetrandis.

422 1574 532 1614 Item
562 1570 785 1625 supplicat
813 1569 1048 1612 Sanctitati
1076 1569 1261 1617 Vestre,
1293 1568 1414 1622 quod
1442 1580 1545 1609 cum
1580 1565 1814 1620 originalia
1835 1565 1925 1607 ins-

364 1645 590 1686 trumenta
611 1641 869 1683 donationis
891 1641 986 1683 sive
1008 1638 1310 1682 concessionis
1331 1638 1436 1679 dicti
1458 1637 1715 1685 comitatus,
1741 1650 1877 1692 quem
1900 1650 1927 1678 a

363 1717 475 1757 Sede
504 1714 762 1768 Apostolica
789 1714 873 1755 sub
907 1726 1059 1754 annuo
1088 1724 1223 1753 censu
1269 1713 1387 1752 tenet
1423 1709 1468 1750 in
1504 1708 1707 1756 feudum,
1745 1722 1771 1750 a
1810 1709 1926 1750 bone

363 1786 580 1828 memorie
609 1786 737 1826 Petro
766 1784 944 1831 comite,
977 1784 1177 1825 Romane
1199 1781 1390 1824 Ecclesie
1413 1783 1594 1823 centum
1628 1780 1928 1836 quadraginta

361 1858 466 1899 anni
503 1859 608 1898 sunt
638 1859 681 1897 et.
719 1856 820 1910 plus
856 1854 995 1902 facte,
1039 1867 1128 1895 non
1169 1854 1354 1900 habeat,
1396 1855 1439 1894 et
1479 1855 1663 1907 propter
1700 1851 1925 1894 defectum

364 1942 519 1971 eorum
543 1928 768 1983 predictus
788 1927 1028 1969 comitatus
1047 1925 1250 1980 paciatur
1266 1925 1328 1980 (4)
1348 1923 1665 1979 gravissimam
1688 1922 1922 1970 lesionem,

366 2003 589 2055 quatenns
622 1998 887 2053 transcripta
928 1997 1150 2039 dictorum
1196 1996 1630 2042 instrumentorum,
1662 2007 1749 2050 que
1788 2007 1928 2049 penes

369 2086 447 2113 vos
476 2086 573 2112 esse
601 2071 780 2117 debent,
813 2070 897 2111 sub
925 2068 1047 2110 bulla
1074 2070 1224 2109 vestra
1249 2066 1563 2109 transmittatis
1585 2066 1747 2108 eidem.

425 2143 535 2184 Item
559 2142 781 2197 supplicat
803 2140 1036 2183 Sanctitati
1057 2140 1232 2186 Vestre,
1256 2138 1375 2194 quod
1404 2151 1506 2179 cum
1529 2140 1655 2180 tanta
1675 2137 1733 2179 sit
1753 2136 1932 2179 malicia

368 2215 601 2256 hominum
644 2216 758 2255 terre
799 2213 940 2259 illius,
984 2213 1103 2267 quod
1149 2210 1449 2253 ecclesiastica
1485 2208 1721 2264 disciplina
1760 2205 1806 2250 i‘n
1844 2208 1931 2249 illis

367 2285 570 2340 partibus
599 2287 853 2332 enervetur,
879 2286 1118 2338 quatenus,
1145 2284 1199 2325 de
1225 2281 1355 2323 solita
1379 2280 1507 2323 Sedis
1528 2279 1783 2335 Apostolice
1806 2279 1931 2321 beni-

366 2357 549 2412 gnitate.
588 2356 671 2397 sibi
706 2355 952 2409 dignemini
989 2354 1242 2409 indulgere,
1285 2356 1333 2394 ut
1367 2351 1850 2394 excommunicationis
1887 2354 1931 2393 et

370 2427 588 2469 interdicti
609 2428 704 2468 sive
726 2427 836 2481 ipse,
871 2426 941 2467 vel
967 2425 1130 2480 aliquis
1152 2425 1214 2479 (ὃ)
1247 2438 1325 2479 pro
1355 2424 1468 2479 ipso,
1500 2423 1545 2464 in
1572 2423 1925 2478 perturbatores,

373 2498 438 2539 vel
471 2499 715 2544 invasores,
761 2500 839 2539 aut
874 2497 1071 2538 indebite
1110 2497 1423 2537 molestatores
1470 2494 1612 2549 ipsius
1655 2507 1791 2549 super
1829 2493 1928 2548 ipso

371 2570 609 2612 affinitatu.
647 2572 724 2610 ant
758 2582 914 2610 eorum
948 2570 1273 2623 receptatores,
1306 2567 1377 2609 vel
1413 2570 1552 2608 terras
1579 2579 1761 2614 eorum,
1794 2565 1932 2608 racio-

462 2706 465 2729 1·
496 2696 619 2729 Cart.:
647 2694 787 2738 afqitun.

458 2754 465 2798 )
497 2755 621 2789 (hirta
648 2754 684 2787 in
710 2751 895 2788 ilendere.

496 2815 619 2848 Carta
647 2813 788 2847 valent.

461 2874 467 2908 Ἰ
499 2874 622 2907 Carta
645 2872 847 2916 pariatur.

499 2932 622 2966 Carta
645 2931 816 2976 aliquid.
