2070 3486
896 282 948 295 {⁸15

808 308 862 312 —
896 299 951 323 ω’.)
989 309 1038 314 -

144 366 345 431 plenaria
365 389 619 418 conserves.
647 376 850 418 videlicet
883 378 1002 431 quod
1033 377 1075 417 in
1107 376 1170 418 eis
1201 376 1476 431 albergarias
1499 390 1709 431 procura-

146 447 305 495 tiones,
333 447 401 488 vel
429 441 688 489 exactiones
717 460 1027 502 quascumque
1056 448 1316 489 nullatenus
1337 448 1494 502 exigas
1519 448 1586 489 vel
1612 462 1709 502 per-

143 517 313 573 cipias;
354 521 412 565 et,
450 518 673 560 defunctis
712 531 866 560 earum
901 518 1140 573 episcopis,
1183 519 1252 559 vel
1292 519 1392 560 aliis
1439 519 1701 562 rectoribus.

141 588 264 644 ipsas
300 588 422 630 nullo
459 578 591 631 modo
631 589 987 644 expoliaris(l);
1025 602 1105 630 nec
1144 589 1523 631 administrationi
1549 603 1701 631 earum

142 671 221 700 seu
259 659 486 705 custodie,
531 660 763 701 occasione
803 659 991 715 alicujus
1033 660 1397 702 consuetudinis.
1440 660 1510 701 vel
1553 659 1703 715 aliqua

140 729 227 782 alia
269 732 310 771 te
350 729 670 779 innnitas(³2›;
712 732 788 772 sed
826 730 896 771 ille
932 730 1016 785 (3),
1060 730 1155 772 sine
1195 731 1492 773 diminutione
1532 731 1699 786 aliqua.

139 814 296 843 eorum
324 802 659 843 successoribus
699 804 1011 846 reserventur:
1053 802 1258 843 electioni
1293 802 1430 844 etiam
1469 802 1610 857 ipsius
1643 803 1705 854 (4)

139 872 209 914 vel
237 872 422 915 alterius
457 873 641 914 rectoris
678 873 861 915 ecclesie
900 873 1117 925 faciende.¹
1153 886 1232 927 per
1262 876 1301 914 te
1332 873 1399 914 vel
1436 887 1514 928 per
1546 887 1703 928 qnam-

137 956 331 999 cumque
364 957 627 999 personam,
671 944 928 986 nullatenus
958 948 997 986 te
1034 943 1260 985 admiceas
1287 945 1363 998 (ὃ),
1400 958 1477 985 nec
1504 944 1702 999 aliquam

137 1014 405 1057 violenciam
448 1014 607 1060 iacias.
653 1015 721 1057 vel
770 1015 1147 1070 impedimentum
1193 1015 1375 1070 aliquod
1424 1016 1698 1070 prestes-(G).

137 1085 382 1142 quominus
404 1087 468 1140 (7)
497 1086 654 1128 electio
676 1087 815 1128 libere
838 1090 880 1128 et
908 1087 1118 1129 canonice
1142 1086 1419 1128 celebretur:

197 1158 304 1199 Item
335 1157 531 1212 precipio
556 1161 602 1199 ut
627 1157 921 1213 pedagiorum
957 1172 1035 1199 seu
1073 1157 1387 1212 guidagiorum
1416 1158 1696 1201 exactiones.

136 1230 228 1271 tam
268 1229 312 1270 in
351 1228 478 1270 terris
517 1242 655 1284 quam
695 1229 739 1270 in
777 1229 933 1284 aquis.
978 1228 1157 1284 penitus
1194 1228 1420 1275 dimittas,
1462 1228 1546 1270 nisi
1587 1243 1700 1283 quas

135 1312 292 1354 regum
333 1299 400 1341 vel
436 1299 760 1355 imperatorum
801 1300 1089 1342 concessione
1129 1299 1393 1354 probaveris
1434 1302 1474 1340 te
1515 1300 1697 1351 habere,

134 1383 216 1413 nec
233 1370 421 1413 dimissa
448 1371 638 1426 pedagia
659 1385 737 1413 seu
759 1372 969 1427 guidagia
983 1364 1202 1426 *deinceps
1227 1383 1430 1412 resumas
1451 1385 1458 1418 ;

194 1442 303 1483 Item
333 1441 530 1496 precipio
560 1445 609 1484 ut
649 1442 889 1492 salvarias,
936 1442 1210 1497 ubicumque
1243 1442 1434 1488 habeas,
1466 1441 1695 1489 dimittas;

133 1525 215 1555 nec
234 1512 400 1555 alicubi
419 1513 474 1555 de
496 1516 642 1555 cetero
673 1507 910 1556 instituas:
950 1526 1029 1555 nec
1059 1513 1281 1568 impedias
1314 1512 1506 1554 liberum
1541 1513 1698 1554 transi-

134 1587 229 1626 tum
259 1583 523 1626 viaticorum
554 1587 644 1626 tam
673 1585 716 1626 in
747 1585 874 1627 terris
902 1598 1038 1640 quam
1075 1585 1118 1626 in
1145 1584 1274 1639 aquis
1300 1597 1308 1635 3

190 1655 299 1697 Item
335 1655 534 1711 precipio
568 1659 617 1698 ut
643 1669 799 1711 pacem
829 1670 907 1698 seu
939 1659 1156 1711 treugam.
1189 1656 1438 1697 secundum
1467 1657 1586 1711 quod
1618 1656 1693 1698 tibi

129 1726 382 1782 injunctum
403 1726 552 1780 fuerit,
584 1728 799 1769 observes
824 1743 831 1770 :

189 1799 297 1841 Item
326 1798 524 1854 precipio
553 1802 602 1841 ut
634 1800 688 1841 de
722 1799 1103 1855 conquerentibus
1135 1800 1386 1841 secundum
1420 1811 1589 1847 meum,
1622 1799 1693 1841 vel

127 1869 312 1912 alterius
334 1869 484 1924 legati,
511 1883 591 1912 seu
609 1871 769 1926 judicis
791 1871 1006 1913 ordinarii
1025 1869 1101 1925 (8),
1128 1870 1197 1911 vel
1221 1869 1413 1925 delegati
1436 1869 1689 1913 arbitrium.

126 1941 353 1997 justiciam
381 1941 540 1990 facias;

187 2013 296 2056 Item
335 2013 532 2069 precipio
569 2017 618 2056 ut
656 2016 819 2056 stratas
859 2014 1062 2069 publicas
1099 2017 1143 2056 et
1185 2026 1366 2055 securas
1401 2025 1569 2055 serves
1614 2026 1692 2053 nec

128 2087 413 2128 transeuntes
433 2086 491 2127 al)
517 2085 715 2140 antiquis
738 2086 888 2128 stratis
916 2085 1098 2127 (leviare
1120 2084 1391 2140 compellas;

186 2157 297 2199 Item
319 2157 514 2212 precipio
535 2160 583 2198 ul
607 2157 841 2203 hereticos,
875 2171 988 2212 quos
1016 2156 1244 2199 diocesani
1272 2156 1486 2211 episcopi,
1515 2155 1583 2197 vel
1611 2155 1687 2197 alii

124 2227 413 2271 ecclesiarum
425 2228 486 2283 (9)
515 2231 708 2270 rectores
730 2228 936 2270 hereticis
961 2231 1260 2283 receptatores
1284 2227 1353 2269 vel
1377 2227 1574 2269 fautores
1597 2227 1689 2282 (10)

170 2419 219 2463 (lis
249 2419 375 2455 Cart.:
400 2419 588 2464 eoepoties.

173 2477 219 2523 12)
250 2479 375 2515 Cart.:
401 2479 567 2514 imitens.

172 2538 219 2584 (3)
249 2538 374 2574 Cart.:
398 2539 493 2573 alia.

171 2596 219 2643 (4)
249 2597 375 2634 Cart.:
401 2597 489 2643 ipsi.

170 2656 220 2702 (5)
248 2657 373 2693 Cart.:
397 2656 602 2692 admicnis.

170 2715 217 2761 (6)
247 2715 373 2752 Cart.:
395 2719 558 2761 prestet.

169 2775 218 2820 (7)
248 2775 373 2812 Cart.:
397 2776 627 2821 qwmzinus.

168 2834 216 2880 (8)
247 2834 372 2871 Cart:
396 2834 634 2870 ordinariis.

169 2894 217 2940 (9)
246 2894 372 2930 Cart.:
396 2894 770 2930 ecclesiasticorum.

170 2953 240 3001 (10)
272 2954 397 2991 Cart.:
420 2955 606 2999 factores.
