2070 3486
763 324 815 328 -
850 297 934 339 :5335
970 325 1022 329 -

117 403 274 432 manso
308 391 361 432 de
392 390 544 432 Crecio
577 404 677 432 cuni
708 392 800 433 suis
826 393 1017 447 juribus,
1048 398 1091 435 et
1132 394 1258 435 salvo
1300 395 1381 435 liae
1419 397 1538 449 quod
1578 395 1681 436 dicti

114 460 269 502 arbitri
292 461 479 502 inferius
502 460 769 509 recitabunt.

176 531 286 573 Dicti
329 544 524 587 namque
556 532 768 573 arbitri...
812 534 1137 581 resitaverunl.
1168 536 1466 577 amicabiliter
1501 550 1683 591 rompo-

120 603 284 649 nendo,
326 603 446 656 quod
493 602 612 644 dicta
648 603 832 645 domina
866 619 945 659 pro
973 606 1102 647 dictis
1141 606 1305 654 liboris,
1351 610 1394 648 ct
1435 607 1515 661 ipsi
1556 607 1681 648 liberi

117 672 346 716 Johannes
368 676 411 715 et
429 673 670 715 Guiraldus
698 688 878 729 semper
906 679 1088 718 teneant
1114 680 1157 719 et
1184 678 1380 719 habeant
1415 677 1611 732 plenarie
1640 680 1683 719 et.

118 744 163 786 in
190 758 314 800 pace,
340 746 396 787 ad
420 744 603 786 feudum
629 745 899 788 honoratum
924 750 965 788 et
987 751 1236 799 censatum,
1259 762 1284 790 a
1308 748 1479 803 prefato
1499 749 1683 789 dominu

116 816 359 871 J[ohanne]
389 816 444 858 de
472 816 775 863 Montelauro,
807 818 1112 872 Magalonensi
1138 820 1364 874 episcopo.
1400 820 1549 861 comiti
1580 820 1684 861 Mel—

116 886 228 942 gorii
253 889 297 929 et
317 886 699 934 R'lontisl'errandi.
723 891 768 929 et
789 902 815 929 a
837 890 1173 931 successoribus
1196 890 1303 937 suis,
1331 890 1539 931 videlicet
1560 904 1685 932 man—

119 971 220 1000 sum
250 960 394 1000 totum
423 959 477 1000 de
505 958 672 1010 Grecio‚
706 972 807 1000 cuni
849 960 1061 1001 omnibus
1090 962 1276 1009 mansis,
1309 965 1351 1003 et
1378 961 1682 1016 appennariis,

118 1031 164 1071 et
189 1029 402 1071 omnibus
424 1030 727 1084 pertinenciis,
763 1033 805 1072 et
838 1031 1121 1086 adjacenciis,
1153 1046 1439 1087 quocumque
1470 1034 1602 1073 modo
1630 1033 1682 1073 ad

120 1099 271 1155 ipsum
292 1113 501 1142 mansum
522 1102 577 1143 de
596 1100 747 1143 Crecio
769 1102 1120 1156 pertinentibus:
1144 1106 1187 1145 et.
1207 1103 1330 1144 illum
1353 1117 1560 1144 mansum
1584 1117 1682 1144 cum

121 1171 214 1213 suis
251 1171 540 1226 pertinenciis
576 1172 670 1227 ipsa
707 1173 891 1214 (lomina
925 1177 969 1215 et
1013 1174 1109 1228 ejus
1151 1174 1274 1215 lilwri
1316 1175 1460 1215 eidem
1502 1174 1686 1215 (lomina

121 1242 334 1298 episcopo
370 1243 695 1298 Magalonensi,
736 1244 887 1285 comiti
916 1245 1116 1299 Melgorii
1145 1249 1188 1287 ct
1210 1245 1589 1296 Montislerrandi,
1623 1260 1687 1287 re-

120 1317 393 1369 cognoscant
425 1315 510 1356 sub
543 1328 695 1357 annuo
723 1328 859 1357 censu
893 1315 1061 1371 albergi
1103 1317 1295 1358 (luorum
1333 1317 1553 1358 militum.
1586 1330 1685 1358 cum

121 1385 338 1441 prandio,
377 1388 420 1428 et
446 1385 615 1427 disnari
643 1389 686 1428 et
713 1387 886 1434 civata,
912 1387 1061 1428 dando
1088 1387 1233 1428 eidem
1265 1388 1449 1429 ‹lmnino
1478 1388 1688 1442 episcopo

122 1456 453 1512 Magabuensi,
490 1457 644 1499 comiti
671 1457 872 1512 Melgorii
902 1461 945 1499 et
972 1457 1364 1505 Montislerrandi,
1399 1462 1441 1500 et
1473 1458 1568 1513 ejus
1592 1472 1690 1501 suc-

121 1527 393 1576 cessoribus,
420 1528 464 1570 in
487 1528 572 1571 illis
599 1529 731 1570 annis
759 1529 803 1570 in
832 1529 997 1584 quibus
1021 1530 1235 1585 requisita
1267 1530 1332 1571 vel
1363 1530 1501 1584 petita
1525 1529 1690 1571 fuerint

124 1601 440 1641 tantummodo
477 1613 499 1641 e
534 1600 662 1643 dictis
691 1600 870 1644 liberis:
920 1603 964 1643 et
1000 1601 1035 1641 si
1077 1601 1290 1656 requisita
1331 1601 1401 1642 vel
1430 1601 1570 1656 petita
1598 1614 1686 1642 non

124 1669 316 1719 fuerint,
350 1671 419 1713 vel
447 1670 588 1713 eciam
618 1671 734 1714 facta
764 1672 831 1713 vel
866 1673 972 1714 data
1004 1671 1123 1714 dicta
1161 1672 1343 1726 alberga
1377 1686 1465 1713 non
1507 1672 1685 1714 fuerint.

123 1741 255 1784 annis
279 1735 326 1783 in
359 1741 526 1797 quibus
554 1742 691 1797 petita
725 1757 813 1785 non
849 1743 1042 1791 fuerint,
1087 1747 1241 1798 postea
1284 1743 1359 1785 illa
1392 1757 1480 1784 non
1516 1743 1691 1798 possint

123 1812 264 1868 repeti
286 1813 457 1855 ratione
486 1813 666 1856 illorum
688 1828 927 1856 annorum.
960 1815 1003 1856 in
1028 1815 1192 1870 quibus
1223 1815 1361 1870 petita
1384 1829 1473 1856 non
1498 1814 1686 1856 luerint:

124 1897 205 1926 nec
230 1883 417 1940 aliquid,
452 1885 634 1927 nomine
657 1886 957 1934 remissionis,
983 1886 1073 1941 peti
1096 1886 1237 1941 possit
1263 1887 1320 1927 ab
1347 1886 1516 1928 eisdem
1540 1885 1691 1927 liberis

123 1955 304 1998 nomino
333 1956 617 1999 comissionis
648 1957 717 1998 vel
739 1957 1023 2001 incursionis,
1052 1961 1234 2013 propter
1254 1958 1550 1999 cessationem
1573 1957 1691 1997 illius

124 2026 282 2068 usatici
299 2040 378 2069 seu
397 2027 567 2083 albergi
583 2029 785 2083 predicti.
806 2042 894 2070 non
913 2029 1116 2084 requisiti
1136 2029 1201 2071 vel
1220 2029 1343 2084 petiti
1363 2043 1441 2084 per
1456 2028 1688 2070 dominum

123 2097 387 2153 episcopum
409 2098 481 2141 vel
510 2113 589 2155 per
610 2114 732 2142 suos.
765 2100 926 2142 Omnia
946 2103 1098 2143 autem
1127 2101 1358 2147 laudimia.
1386 2104 1428 2142 et
1457 2100 1626 2142 usatica
1649 2102 1690 2141 el

125 2169 334 2219 servitia,
366 2183 454 2225 que
482 2171 748 2225 provenient
775 2178 832 2213 ex
860 2172 1108 2214 honoribus
1136 2172 1241 2213 dicti
1269 2172 1413 2213 mansi
1443 2173 1496 2213 ‹le
1527 2171 1688 2217 Cretio,

127 2239 197 2282 vel
233 2240 331 2296 ejus
368 2241 676 2296 pertinentiis.
722 2242 812 2284 sint
851 2243 1072 2285 dictorum
1118 2243 1361 2285 liberorum
1398 2246 1439 2285 et
1475 2243 1691 2284 heredum

125 2324 328 2355 suorum.
359 2314 403 2354 et
430 2312 610 2354 illorum
637 2314 693 2355 ad
722 2327 836 2369 quos
865 2314 950 2368 ipsi
972 2315 1079 2356 (lare
1103 2314 1170 2356 vel
1196 2314 1447 2368 relinquere
1471 2314 1693 2355 voluerint

126 2385 369 2438 perpetuo.
402 2385 527 2425 etad
557 2398 643 2427 eos·
670 2385 926 2440 pertineant
958 2389 1002 2428 et
1037 2386 1302 2441 perveniant
1332 2385 1462 2440 pleno
1488 2385 1600 2440 jure.
1633 2385 1693 2425 ila

126 2454 247 2508 quod
287 2454 500 2496 dominus
542 2455 781 2511 episcopus
822 2457 1180 2511 Magalonensis.
1225 2470 1374 2498 comes
1413 2456 1613 2509 Melgorii
1655 2460 1698 2498 et

127 2524 521 2573 Montisl'errandi,
547 2526 619 2569 vel
648 2528 965 2582 [successores]
997 2528 1090 2571 sui.
1136 2528 1194 2569 ibi
1234 2527 1403 2582 aliquid
1440 2531 1589 2582 petere
1627 2527 1692 2568 vel

127 2596 433 2639 contradicere
457 2611 689 2653 nunquam
709 2598 883 2653 possint
909 2599 977 2642 vel
998 2600 1216 2642 debeant:
1242 2599 1276 2639 si
1296 2612 1400 2639 vero
1423 2599 1572 2653 alique
1596 2598 1694 2639 lites

128 2666 200 2708 vel
235 2680 369 2709 cause
396 2668 598 2710 orientur
622 2669 739 2711 inter
764 2670 939 2725 aliquas
965 2684 1206 2725 personas,
1238 2670 1470 2711 occasione
1511 2669 1694 2710 lionoris

131 2737 201 2779 vel
229 2738 536 2793 quarumlibet
564 2754 712 2782 rerum
742 2755 821 2783 seu
842 2741 1026 2797 jurium,
1052 2742 1093 2782 in
1121 2741 1328 2783 terminio
1350 2740 1452 2782 dicti
1480 2740 1621 2781 mansi
1642 2741 1695 2781 ‹le

129 2807 281 2851 Grecio
309 2809 636 2854 existcncium.
669 2811 741 2853 ille
778 2812 1006 2866 agitentur
1046 2811 1351 2867 principaliter
1383 2825 1531 2852 coram
1568 2811 1696 2851 (lictis

130 2879 283 2922 liberis
321 2882 550 2935 quondam
587 2882 806 2924 Johannis
843 2883 1096 2926 Boccados.
1142 2885 1185 2924 et
1233 2897 1309 2937 per
1353 2882 1472 2936 ipsos
1517 2881 1580 2921 vel
1622 2895 1698 2935 per

130 2949 322 3006 judicem
359 2965 514 2994 eorum
544 2953 913 2995 determinentur.
958 2954 1296 3010 Appellationes
1335 2966 1437 2994 vero
1471 2966 1557 3007 que
1588 2952 1696 2995 fient
