2070 3486
1019 284 1277 328 —708—

369 388 592 429 dictum...
633 383 877 439 quominus
915 381 1141 437 predictus
1180 382 1463 428 contractus,
1501 380 1596 422 sive
1630 379 1924 435 permutacio,

370 459 463 499 sive
497 455 792 502 escambium,
824 456 869 495 et
894 452 1047 495 omnia
1079 451 1279 506 predicta
1305 444 1570 506 perpetuinn
1599 450 1835 492 obtineant
1855 450 1930 492 fir-

370 530 569 570 mitatem
589 542 596 570 ;
617 525 931 568 renunciantes
947 537 1004 565 ex
1019 525 1140 565 certa
1155 522 1341 564 scientia
1359 521 1578 564 beneficio
1601 521 1738 563 totius
1757 521 1924 576 juris...

368 615 456 654 quo
488 602 641 654 posset
667 596 839 639 obviari
870 595 1003 637 alicui
1024 595 1079 636 de
1100 593 1349 648 promissis.
1381 593 1434 635 Et
1460 593 1581 648 quod
1605 593 1687 635 hec
1713 592 1866 635 omnia
1886 595 1931 635 et
1966 638 1970 643 .

369 671 598 726 singula...
632 681 811 723 semper
840 670 1131 709 teneamus...
1159 664 1237 706 tibi
1261 664 1624 720 promittimus...

429 816 536 856 Item
572 827 653 868 rgo
685 811 886 867 profatus
920 810 1175 851 Bernardus
1214 809 1269 850 de
1309 809 1455 850 Lausa
1494 807 1757 863 draperius,
1787 808 1933 863 gratia

367 887 502 941 hujus
523 886 794 931 contractus,
822 882 916 923 sive
939 880 1306 937 permutacionis,
1333 893 1413 921 seu
1435 879 1638 927 scambii,
1662 880 1781 921 dono
1802 879 1931 922 vobis

369 957 566 1012 predicto
589 954 774 997 domino
800 951 978 1010 P[etro]‚
1004 952 1083 994 Dei
1103 951 1248 1007 gratia
1267 951 1576 1005 Magalonensi
1597 951 1824 1006 episcopo,
1849 964 1930 994 sex

366 1029 504 1069 libras
533 1025 869 1080 melgorienses,
902 1024 946 1065 in
967 1023 1133 1078 quihus
1156 1022 1284 1064 vobis
1307 1022 1507 1078 plenarie
1528 1022 1740 1064 satisfeci.

425 1100 476 1140 Et
512 1111 592 1139 nos
633 1096 834 1152 prefatus
871 1093 1057 1152 P[etrus]
1096 1095 1151 1136 (16
1185 1094 1391 1142 Conchis,
1432 1093 1588 1136 divina
1632 1093 1930 1150 permissione

365 1168 696 1225 Magalonensis
725 1167 980 1222 episcopus,
1012 1165 1246 1208 occasione
1274 1168 1317 1207 et
1343 1179 1425 1221 pro
1454 1165 1594 1208 tornis
1622 1165 1808 1221 predicti
1829 1178 1934 1208 con-

367 1245 553 1289 tractus,
586 1240 682 1281 sive
714 1237 1082 1295 permutacionis,
1123 1251 1202 1279 seu
1236 1237 1440 1285 scambii‚
1466 1237 1633 1279 scimus
1655 1239 1700 1279 et
1722 1250 1934 1291 recogno—

365 1314 532 1355 scimus
556 1326 637 1354 nos
657 1326 683 1353 a
707 1314 762 1358 te,
789 1310 907 1352 dicto
936 1310 1162 1351 Bernardo
1184 1309 1239 1351 de
1263 1309 1408 1350 Lauza
1426 1308 1650 1364 draperio,
1681 1308 1824 1351 dictas
1851 1322 1933 1351 sex

367 1385 501 1426 libras
519 1382 854 1437 melgorienses,
872 1394 980 1422 vera
997 1379 1316 1422 numeracione
1334 1379 1679 1429 interveniente,
1698 1380 1928 1429 habuisse;

367 1457 408 1497 in
439 1455 605 1511 quibus
632 1453 951 1496 renunciamus
980 1451 1240 1507 excepcioni
1270 1465 1360 1493 uon
1392 1451 1545 1494 habite
1573 1455 1617 1494 et
1643 1466 1734 1495 non
1754 1455 1932 1508 recepte

366 1526 570 1583 pecunie,
602 1528 646 1568 ct
675 1539 764 1566 non
787 1537 1005 1566 converse
1027 1523 1073 1564 in
1094 1523 1285 1565 utilitate
1306 1523 1498 1565 Ecclesie
1520 1524 1868 1578 Magalonensis.

426 1600 535 1640 ltem
570 1598 808 1639 laudamus
846 1599 889 1637 et
928 1595 1216 1637 conc-edimus
1257 1594 1335 1637 tibi
1375 1598 1418 1637 et
1457 1594 1546 1637 tuis
1580 1595 1734 1637 omnia
1758 1595 1932 1638 usatica

365 1670 489 1711 ordei
526 1672 569 1711 ct
609 1667 925 1714 denariorum,
971 1680 1058 1721 que
1098 1665 1290 1721 percipis
1323 1668 1414 1708 tam
1443 1665 1487 1707 in
1515 1666 1751 1721 parrochia
1778 1665 1930 1709 Sancti

367 1740 583 1796 Stephani
605 1741 659 1781 do
688 1738 923 1794 Bejanicis,
946 1751 1084 1793 quam
1108 1736 1182 1795 [in]
1207 1737 1444 1793 parrochia
1466 1738 1616 1780 Sancti
1636 1738 1856 1781 Johannis
1877 1739 1933 1781 de

366 1811 606 1859 Veilasciffl
638 1813 681 1853 et
703 1810 843 1852 eciam
874 1809 1028 1851 omnia
1052 1809 1153 1864 jura
1180 1823 1268 1864 que
1296 1809 1437 1851 habes
1465 1809 1511 1850 in
1544 1809 1928 1864 possessionibus,

367 1898 445 1938 pro
480 1882 645 1937 quibus
682 1881 854 1923 usatica
880 1880 961 1922 tibi
993 1879 1194 1928 fuerunt,
1227 1880 1428 1935 exceptis
1457 1880 1544 1922 illis
1564 1880 1701 1922 XXIII
1723 1880 1932 1923 sextariis

365 1958 407 1996 et
438 1953 589 1996 emina
622 1952 767 2000 ordei,
807 1965 894 2007 que
918 1951 1047 1993 nobis
1068 1951 1325 2007 assignasti,
1355 1951 1451 1993 sive
1478 1951 1522 1993 in
1547 1951 1826 2006 escambium
1855 1953 1931 1995 de-

367 2025 485 2067 disti.
562 2011 565 2017 '

425 2098 578 2138 Testes
616 2099 721 2137 sunt
757 2096 1038 2138 Raimundus
1079 2095 1251 2137 Alberti
1290 2095 1532 2137 canonicus
1576 2095 1927 2150 Magalonensis,

366 2168 579 2222 magister
608 2169 764 2209 Petrus
785 2169 840 2209 de
861 2166 1067 2209 Oviliano
1091 2166 1297 2208 officialis
1319 2166 1492 2208 domini
1511 2166 1710 2222 episcopi
1732 2167 1924 2222 Magalo-

368 2239 533 2282 ncnsis,
568 2238 758 2280 Poncius
786 2237 980 2280 Gaudini
1006 2237 1314 2293 Ju1¹ispci·itus‚
1344 2238 1574 2280 Johannes
1602 2238 1785 2280 Blanchi
1812 2238 1934 2294 prior

365 2310 515 2352 Sancti
537 2308 764 2366 Ge[o]rgii‚
798 2309 961 2351 Cosina
989 2309 1157 2350 Malloli
1180 2309 1402 2364 presbiter
1424 2309 1602 2365 bajulus
1630 2311 1683 2351 (16
1713 2309 1926 2358 Terrallo,

366 2385 405 2423 ct
442 2382 591 2436 plures
623 2381 719 2429 alii,
747 2384 790 2422 ct
818 2381 975 2422 Petrus
1003 2381 1058 2422 de
1088 2381 1243 2439 Ponte,
1282 2380 1485 2423 notarius
1512 2380 1720 2436 publicus
1747 2380 1934 2423 Montis-

367 2453 611 2508 pessulani,
636 2453 728 2508 qui,
763 2455 946 2507 rogatus
967 2466 993 2494 a
1021 2452 1243 2507 partibuS,
1269 2453 1351 2494 hec
1378 2452 1570 2507 scripsit.

1364 2572 1461 2610 (fleg.
1484 2571 1519 2607 E,
1538 2570 1597 2601 rol.
1624 2570 1683 2601 154
1702 2572 1762 2610 ν’).
