2070 3486
785 300 1044 341 —297-

134 394 245 436 do...
277 394 468 436 Domino
495 394 586 435 Deo
606 397 648 435 et
671 393 854 435 ecclesie
877 395 1009 437 Beate
1032 397 1168 438 Marie
1190 397 1244 438 ‹le
1268 396 1496 450 Melgorio,
1528 399 1571 437 et
1595 394 1687 443 tibi,

133 465 317 507 domino
353 464 593 506 Guillelmo
629 465 682 505 de
717 464 908 508 Castris.
944 466 1146 520 ejusdem
1175 467 1360 509 ecclesia
1390 467 1524 522 priori
1548 467 1610 518 (t)
1650 460 1693 508 et

132 536 435 592 procuratori,
474 539 515 577 et
546 535 758 577 omnibns
786 538 1121 579 successoribus
1156 539 1268 582 tuis.
1300 540 1354 580 ad
1395 552 1553 580 omnes
1595 542 1693 580 tuas

132 611 404 662 tuorumque
432 619 743 648 successorum
780 607 1035 650 voluntates
1068 609 1109 650 in
1145 613 1412 664 perpetuum
1447 609 1688 654 faciendas,

132 678 341 720 videlicet
370 681 512 720 totum
533 691 674 719 unum
704 681 821 719 stare
843 692 944 720 cuni
974 679 1066 720 suis
1090 680 1324 723 hedificiis.
1351 681 1623 725 introitibus.
1649 684 1693 723 et

131 749 329 792 exitibus
355 749 434 804 (2),
467 752 510 791 et
531 749 819 804 pertinenciis
837 750 931 791 suis
951 751 1178 794 omnibns.
1204 753 1325 807 quod
1347 766 1372 793 a
1396 756 1435 794 te
1464 755 1507 793 et
1528 766 1553 794 a
1575 752 1691 794 dicta

130 820 317 864 ecclesia
344 821 552 862 tenebam
575 821 660 862 sub
682 820 852 862 usatico
875 821 950 862 XII
972 823 1261 865 denariorum
1290 823 1490 877 Melgorii
1515 836 1688 869 annuo;

130 895 175 934 et
198 891 487 947 conjungitur
507 905 533 933 a
560 891 691 932 circio
712 904 814 932 cum
843 892 949 933 stari
970 893 1196 935 Guillrlmi
1228 894 1482 937 Raimundi.
1505 908 1530 936 a
1559 898 1693 936 vento

131 966 176 1004 et
199 963 258 1005 ab
284 962 495 1018 aquilone
528 975 630 1003 cum
665 962 770 1004 stari
803 962 1029 1005 Guillelmi
1064 964 1230 1019 Baylie.
1261 978 1285 1007 a
1313 965 1465 1006 corina
1490 978 1591 1006 cum
1621 965 1693 1007 via

131 1033 325 1090 publica.

188 1105 273 1147 Pro
301 1104 384 1146 hac
415 1106 567 1146 autem
599 1104 913 1146 venditione...
947 1106 1082 1147 habui
1114 1110 1158 1148 et
1189 1107 1334 1162 recepi
1360 1120 1385 1149 a
1414 1110 1471 1154 te,
1510 1107 1691 1149 nomine

129 1176 279 1233 precii,
299 1175 398 1218 CCC
421 1175 588 1218 solidos
604 1175 821 1230 Magoni,
841 1190 1034 1231 qnorum
1060 1191 1197 1232 penes
1220 1181 1260 1219 te
1282 1178 1413 1219 nichil
1435 1179 1489 1219 ad
1514 1179 1693 1220 solven—

125 1248 235 1290 dum
259 1247 490 1294 remansit,
516 1250 561 1288 et
589 1246 631 1287 in
655 1246 739 1287 biis
761 1246 860 1289 CCC
889 1247 1044 1289 solidis
1068 1248 1268 1302 Melgorii
1295 1249 1506 1304 predictis
1532 1262 1693 1304 excep-

128 1318 239 1361 tioni
260 1331 348 1360 non
371 1321 603 1360 numerate
621 1318 807 1373 pecunie
830 1322 873 1360 et
897 1332 983 1359 non
1006 1319 1140 1361 soluti
1163 1320 1298 1374 precii
1322 1321 1533 1362 renuncio
1554 1337 1561 1362 ;
1587 1324 1628 1362 et
1655 1321 1691 1361 si

128 1389 230 1445 plus
259 1389 377 1431 dicto
405 1389 554 1444 precio
586 1389 774 1431 valet...‘
797 1389 907 1431 illud
939 1392 1083 1431 totum
1123 1390 1201 1432 tibi
1234 1394 1275 1432 et
1307 1391 1489 1433 ecclesie
1522 1392 1693 1446 prefate

128 1463 301 1504 dono...
327 1464 371 1503 et
396 1462 454 1503 ab
480 1461 602 1503 omni
625 1461 976 1503 contradictione
1004 1461 1262 1504 deflendam
1285 1477 1292 1504 :
1324 1466 1366 1504 et
1389 1463 1422 1503 si
1453 1463 1560 1518 quid
1591 1463 1693 1505 inde

128 1532 373 1588 aliquando
405 1532 608 1575 ablatum
637 1533 707 1574 vel
739 1532 935 1575 evictum
968 1532 1116 1576 fuerit.
1152 1536 1361 1575 totum...
1398 1534 1689 1576 restituam...

128 1603 399 1646 renuncians
427 1604 549 1646 omni
579 1604 721 1660 juri...
762 1604 849 1646 Hec
879 1604 1031 1646 omnia
1054 1608 1097 1647 et
1131 1605 1361 1660 singula...
1397 1607 1693 1648 sacrosanctis

127 1674 413 1731 evangeliisa
442 1688 512 1717 me
533 1675 825 1731 corporaliter
843 1675 987 1717 tactis.
1010 1678 1053 1717 et
1075 1676 1287 1718 omnibus
1310 1677 1440 1718 bonis
1462 1677 1574 1719 meis
1592 1677 1693 1720 inde

127 1746 426 1803 ypothecatis,
452 1746 497 1788 in
523 1750 791 1802 perpetuum
817 1745 1007 1788 firmiter
1034 1748 1304 1789 observabo.

185 1818 339 1860 Testes
358 1823 461 1860 sunt
481 1819 755 1860 Bertrandus
774 1819 828 1859 ‹le
846 1818 1082 1860 Ballanicis
1104 1819 1362 1866 canonicus,
1389 1821 1544 1862 Petrus
1560 1820 1692 1861 Filio-

128 1889 212 1938 lus,
245 1894 287 1932 et
313 1890 585 1933 Gaucclmus
607 1891 662 1932 de
691 1890 892 1945 Pignauo
922 1891 1180 1946 presbiteri,
1216 1892 1372 1933 Petrus
1399 1892 1608 1939 Grossus.
1642 1893 1691 1935 R.

128 1961 395 2009 Lautardus‚
431 1963 589 2004 Petrus
621 1961 772 2005 Rulla.
799 1965 841 2004 et
866 1963 1022 2004 Petrus
1050 1962 1343 2005 Carbonellus
1372 1964 1589 2013 notarius,
1617 1964 1693 2021 qui

127 2033 209 2077 hec
236 2033 389 2077 omnia
418 2033 609 2090 scripsit.

1118 2095 1214 2132 (neg.
1237 2095 1272 2128 C.
1300 2094 1356 2126 fol.
1381 2094 1419 2125 87
1441 2096 1503 2130 Ψ).

434 2323 716 2360 CCCCXXIX.
747 2344 790 2350 —
817 2324 838 2359 Τ
864 2334 978 2360 mars
1007 2323 1098 2360 1226
1128 2336 1180 2360 ¹n.
1210 2336 1242 2358 ε.
1276 2323 1379 2360 1227,

127 2433 356 2480 Philippe
387 2433 447 2469 cle
477 2434 550 2469 La
576 2433 777 2469 ver-une
807 2434 966 2470 donne
1007 2435 1036 2470 a.
1075 2436 1249 2480 acapte
1279 2436 1454 2480 quatre
1495 2435 1595 2470 sols
1633 2436 1692 2471 de

173 2492 405 2538 Melgueil
424 2494 474 2528 et
490 2494 601 2528 tous
618 2493 690 2528 les
711 2492 866 2528 droits
886 2493 997 2538 qu'il
1018 2503 1048 2528 a.
1066 2504 1152 2528 sur·
1172 2494 1390 2529 certains
1409 2494 1550 2529 biens
1572 2495 1640 2529 sis
1663 2495 1691 2529 a.

178 2551 384 2598 Gigean.

188 2644 233 2685 ln
263 2644 444 2686 nomine
472 2644 666 2686 Domini.
695 2646 823 2687 Anno
852 2645 1080 2686 Dominice
1103 2645 1427 2687 lncarnationis
1450 2646 1690 2688 millesimo

125 2715 207 2758 CC⁰
226 2716 430 2758 XX0V10.
474 2716 605 2757 nonis
640 2717 702 2770 (3)
743 2716 915 2763 marcii,
959 2730 1041 2771 ego
1078 2717 1310 2773 Philippus
1345 2718 1398 2758 «le
1434 2717 1684 2759 Veiruna...

174 2852 222 2897 (1)
251 2851 377 2888 Cam:
399 2852 606 2897 prloratis.

173 2911 221 2957 (2)
251 2911 376 2948 Cart.:
400 2912 616 2948 cxxitibus.

173 2970 222 3018 (3)
252 2971 378 3008 Cart.:
405 2982 540 3008 nonas.
