2070 3486
967 285 1018 289 ——
1054 260 1139 301 67⁴2
1173 285 1224 289 —

320 360 572 415 possideant
599 358 764 397 dirtooi
795 356 994 395 vinetum
1031 368 1108 394 seu
1139 355 1463 399 tenementum,
1495 366 1519 394 a
1548 352 1666 394 dicto
1693 353 1877 394 domino

318 431 579 485 episcopor!
601 426 933 467 su‹·‹·‹=ssoribus
950 424 1057 466 suis.
1076 424 1159 464 sol)
1174 436 1326 464 animo
1341 437 1478 464 censu
1495 437 1574 464 sex
1590 423 1876 465 denariorum

321 499 710 551 mels-foriensiuni,
750 496 966 536 solvendo
1003 509 1026 535 a
1067 495 1183 536 dicta
1222 493 1434 548 priorissa
1468 497 1511 536 et
1544 494 1878 536 successoribus

318 572 518 626 ejusdem
553 567 811 610 monosterii
841 566 1038 621 predicto
1066 565 1250 606 domiuo
1278 564 1488 619 episeopo
1515 568 1558 607 et
1586 565 1678 606 suis
1707 578 1880 607 succes-

319 643 508 684 soribus.
536 639 786 687 omniatim,
831 638 872 678 in
904 638 1015 679 testo
1044 636 1182 678 suncti
1212 635 1457 683 Michaelis,
1488 649 1589 677 cum
1619 636 1736 678 dieta
1763 636 1878 691 prio-

319 714 429 755 rissa
470 712 537 753 vol
566 711 676 754 alie,
708 723 794 765 que
831 722 908 763 pro
942 711 1142 762 tempore
1174 710 1319 754 erunt,
1353 706 1534 749 luerunt
1555 707 1792 762 requisite;
1819 707 1881 750 ita

317 786 437 840 quod
466 784 499 824 si
530 783 726 838 predicta
760 780 973 835 priorissa
1011 793 1087 820 seu
1122 778 1231 825 alie,
1264 792 1351 833 que
1378 792 1459 834 pro
1496 781 1696 834 tempore
1729 781 1876 829 erunt,

319 869 405 897 non
428 854 660 909 requisito,
695 851 971 894 cessaverint
991 850 1033 891 io
1057 850 1278 891 solutione
1301 849 1404 892 dicti
1426 863 1602 898 census,
1629 850 1880 905 predictum

318 927 520 968 vinetum
553 939 629 966 seu
661 926 967 965 tenementum
999 936 1085 962 non
1117 921 1256 976 possit
1283 921 1478 963 incidere
1501 921 1545 962 in
1567 921 1877 969 commissum,

317 998 417 1039 lieet
445 997 611 1037 dictum
643 993 983 1036 monasterium.
1017 992 1246 1034 retroactis
1277 991 1572 1047 temporibus,
1607 992 1816 1035 continue
1838 994 1883 1035 el:

318 1067 499 1124 pacifice
527 1067 692 1108 dictum
725 1067 1031 1107 tenementum
1056 1077 1132 1104 scu
1159 1063 1360 1104 vinetum
1389 1076 1469 1118 per
1489 1062 1820 1118 quinquaginta
1839 1065 1884 1106 et

319 1143 405 1181 tres
426 1152 569 1180 annos
598 1136 845 1192 possederit
875 1135 971 1177 sine
992 1135 1316 1190 cujuscumque
1341 1134 1700 1189 interpellatione
1721 1137 1766 1176 et
1786 1134 1883 1177 sine

318 1210 441 1253 omni
474 1223 627 1252 annua
660 1208 960 1264 prestationffi
992 1207 1053 1249 ita
1083 1210 1231 1248 tamen
1261 1207 1379 1261 quod
1417 1206 1532 1248 dicta
1562 1205 1776 1261 priorissa
1801 1219 1882 1248 seu

316 1282 483 1324 dictum
524 1279 849 1322 monasterium
884 1292 971 1320 non
1007 1278 1183 1333 possint
1217 1278 1439 1325 vendere,
1472 1278 1578 1319 dare
1615 1280 1694 1319 aut
1730 1277 1883 1333 aliquo

319 1353 452 1395 modo
479 1352 673 1393 alienare
702 1350 868 1392 dictum
900 1349 1101 1391 vinetum
1125 1362 1205 1390 seu
1229 1351 1553 1395 tenementum,
1579 1348 1675 1390 sine
1697 1348 1883 1391 concilio

318 1426 361 1465 et
394 1422 609 1465 laudimio
650 1421 751 1463 dicti
789 1420 959 1462 domini
997 1420 1195 1475 episcopi
1236 1423 1279 1461 et
1318 1433 1630 1461 successorum
1666 1433 1879 1468 suorum;

317 1496 423 1537 (lare
451 1508 556 1535 vero
594 1496 637 1535 et
676 1494 919 1535 concedere
960 1492 1107 1533 valeat
1148 1491 1191 1532 in
1225 1491 1477 1546 accapitmn
1517 1490 1886 1546 dietapriorissa

317 1566 582 1620 cuicumque
616 1564 807 1606 voluerit
843 1564 886 1605 in
914 1563 1012 1618 ipso
1042 1566 1085 1605 et
1112 1564 1166 1605 de
1192 1563 1291 1618 ipso
1320 1563 1494 1611 vineto,
1535 1566 1602 1607 et.
1633 1563 1678 1604 in
1705 1562 1769 1605 eis
1797 1576 1884 1618 que

318 1636 586 1680 concesserit
619 1637 662 1677 in
695 1636 971 1690 accapitum.
1004 1637 1175 1676 certum
1211 1634 1433 1676 usaticum
1461 1635 1517 1676 ad
1540 1647 1723 1676 manum
1754 1647 1884 1676 suam

318 1709 530 1751 retinere:
558 1707 839 1749 venditiones
858 1707 998 1749 eciam
1020 1709 1065 1748 et
1084 1709 1353 1753 contractus,
1379 1719 1466 1761 que
1488 1706 1655 1748 debent
1675 1709 1718 1748 et
1739 1705 1887 1748 solent

318 1779 505 1827 laudari,
538 1792 624 1834 que
655 1779 722 1821 vel
751 1778 827 1833 qui
856 1778 1204 1820 celebrabuntur
1245 1792 1323 1819 seu
1364 1776 1476 1819 fient
1510 1778 1565 1819 de
1598 1777 1742 1826 datis,
1782 1791 1887 1820 con-

317 1850 468 1893 cessis
495 1850 655 1892 dandis
684 1849 753 1891 vel
780 1849 1077 1891 concedendis
1107 1848 1150 1889 in
1179 1848 1448 1903 accapitum,
1480 1848 1575 1890 sive
1603 1849 1658 1890 de
1683 1848 1771 1890 hiis
1798 1861 1886 1904 que

319 1925 423 1963 suut
451 1921 565 1962 infra
585 1921 754 1962 dictum
778 1921 998 1968 vinetum,
1030 1920 1213 1961 laudare
1241 1923 1375 1975 atque
1400 1920 1665 1962 laudimium
1692 1920 1885 1975 recipere

319 1994 435 2035 dicta
474 1992 687 2048 priorissa
725 1992 874 2033 valeat
913 1990 1115 2048 [absque]
1160 1991 1454 2046 requisicione
1494 1995 1629 2047 atque
1670 1991 1886 2034 laudimio

320 2065 422 2107 dicti
445 2064 614 2105 domini
644 2063 840 2118 episcopi
864 2066 907 2104 et
935 2076 1247 2104 successorum
1277 2076 1476 2104 suorum.

381 2137 488 2178 Item
511 2135 724 2177 dixerunt
751 2138 795 2176 et
822 2137 1076 2176 statuerunt
1100 2134 1204 2176 dicti
1231 2134 1402 2183 arbitri,
1428 2135 1565 2189 quod,
1596 2134 1640 2175 in
1670 2135 1882 2189 presenti,

321 2207 472 2249 statim
500 2207 616 2248 dicta
644 2206 857 2261 priorissa
884 2208 1173 2260 recognoscat
1195 2219 1241 2247 se
1265 2208 1414 2248 tenere
1438 2205 1607 2247 dictum
1630 2205 1833 2248 vinetum
1861 2219 1887 2248 a

321 2279 438 2320 dicto
466 2278 649 2319 domino
678 2277 913 2332 episcopo,
960 2278 1043 2318 sub
1079 2277 1196 2319 dicto
1225 2290 1361 2318 censu
1389 2278 1538 2319 dando
1571 2281 1615 2319 et
1650 2276 1884 2326 solvendo,

321 2362 422 2391 cum
444 2348 577 2390 fuerit
605 2348 832 2403 requisita,
858 2347 1109 2390 annuatim.
1136 2347 1178 2388 in
1204 2348 1317 2390 sesto
1339 2348 1479 2389 sancti
1503 2347 1747 2395 Michaelis,
1770 2348 1888 2390 dicto

322 2420 504 2461 domino
532 2420 742 2474 episeopo
764 2422 807 2460 et
835 2419 1170 2461 successoribus
1194 2419 1302 2467 suis,
1335 2419 1459 2461 sicud
1481 2418 1690 2474 superius
1717 2419 1887 2461 dietum

324 2494 393 2532 est
413 2506 420 2538 ;

383 2563 435 2604 Et
461 2562 522 2604 ita
548 2562 787 2603 voluerunt
815 2562 919 2603 dicti
945 2562 1116 2610 arbitri,
1143 2564 1187 2603 et
1207 2562 1420 2603 dixerunt
1440 2563 1561 2617 quod
1585 2563 1731 2604 bonus
1765 2561 1885 2611 finis,

326 2636 369 2675 et
397 2647 500 2688 prm,
532 2636 574 2675 et
600 2633 835 2675 eoncordia
858 2636 1121 2688 permaneat
1147 2633 1263 2674 inter
1284 2633 1406 2688 ipsas
1434 2635 1600 2688 partes.

384 2706 475 2754 Qu(¹
503 2705 655 2746 omnia
681 2707 723 2746 et
752 2704 929 2757 singula
955 2704 1211 2759 supradicta
1238 2705 1383 2746 dietus
1411 2704 1622 2746 dominus
1650 2704 1890 2759 episcopus

323 2779 366 2817 et
389 2776 503 2817 dicto
528 2776 737 2830 priorissa
762 2790 839 2830 per
861 2790 906 2817 se
926 2779 968 2816 et
990 2789 1095 2817 suos
1116 2776 1432 2823 laudaverunt,
1458 2776 1828 2830 approbaverunt
1848 2777 1892 2817 et

324 2847 681 2891 1·alifi‹·:1v‹=1·unl:
720 2851 758 2889 et
798 2847 1062 2901 prolitentes
1096 2847 1294 2901 predicta
1327 2848 1381 2889 ad
1419 2847 1657 2889 utilitatem
1690 2860 1818 2888 suam
1849 2849 1893 2888 et

321 2932 504 2960 suorum
532 2918 722 2961 Ecclesie
750 2922 793 2961 et
821 2918 1081 2960 monasterii
1103 2932 1202 2961 esse
1230 2918 1526 2961 amicabiliter
1552 2918 1808 2966 terminata,
1841 2931 1889 2960 se
