2070 3486
743 303 1004 345 —631—

97 411 254 441 eorum
290 396 468 443 nuncio,
496 397 803 438 sexdecimnm
836 398 1018 452 piscem,
1045 398 1098 438 dc
1121 396 1331 438 omnibus
1354 396 1438 437 hiis
1461 394 1657 450 piscibus

95 482 209 525 quos
236 468 295 510 ihi
323 468 514 523 capient.
558 503 561 506 .

141 541 262 582 ,Item
294 538 599 594 promiserunt
623 538 724 579 dit-li
754 539 977 583 consules,
1005 539 1141 594 quod,
1168 538 1201 579 si
1229 537 1433 579 homines
1455 538 1508 578 de
1534 537 1651 578 Latis

94 610 402 667 aportavcrint
429 609 570 663 ligna.
611 609 820 650 saciencia
856 610 1090 651 transitum
1123 624 1200 664 per
1226 609 1393 650 dictum
1424 611 1650 662 stagnum.

94 681 216 738 quod
251 681 306 723 de
351 679 480 722 dictis
518 679 650 734 lignis
678 681 846 721 donent
883 680 1189 721 sexdecimnm
1236 679 1404 731 lignum
1447 678 1656 733 predictis

94 751 305 799 dominis,
331 751 401 792 vel
429 764 586 792 eorum
615 750 793 793 nuncio,
826 750 939 792 sicut
965 753 1230 792 consuetum
1255 753 1337 791 est.

154 822 264 865 Item
293 821 597 877 promiserunt
624 820 725 862 dicti
756 821 978 865 consules,
1010 822 1127 875 qnod
1160 820 1342 875 predicti
1372 819 1577 861 homines
1602 819 1655 860 de

98 893 217 936 Latis
238 894 408 934 donent
429 891 638 947 predictis
660 891 871 937 dominis,
900 893 967 933 vel
991 905 1143 932 eornm
1171 891 1346 934 nuncio.
1373 891 1425 930 dc
1448 889 1659 931 omnibus

95 964 272 1011 avibus.
297 976 411 1019 quas
432 962 610 1017 capient
631 962 745 1003 inira
765 962 908 1004 dictos
931 962 1162 1012 terminos,
1188 961 1473 1003 undecimam
1507 973 1655 1006 avem,

97 1035 155 1078 sit
180 1035 355 1089 integra
383 1033 452 1076 vel
479 1047 585 1075 non.

155 1106 265 1149 Item
302 1105 606 1161 promiserunt
638 1104 741 1146 dicti
783 1104 1014 1148 consules,
1053 1105 1171 1159 quod
1209 1103 1413 1144 homines
1448 1104 1501 1144 de
1537 1101 1655 1143 Latis

96 1177 289 1220 fideliter
314 1178 475 1219 darent
501 1176 655 1217 onmia
682 1179 725 1217 et
752 1176 927 1229 singula
957 1175 1213 1230 supradicta
1237 1174 1420 1229 pietatis
1442 1173 1652 1217 dominis,

99 1249 168 1292 vel
184 1261 341 1291 eorum
359 1247 537 1293 nuncio,
556 1247 599 1287 in
618 1250 747 1302 portu
773 1248 827 1288 dc
851 1247 1054 1288 Carnone
1077 1245 1285 1288 moranti.
1308 1245 1374 1286 vcl
1399 1245 1442 1285 in
1463 1246 1590 1299 portu
1607 1243 1661 1284 de

98 1319 243 1364 Latis:
273 1321 317 1361 et
337 1319 458 1373 quod
485 1318 604 1360 dicta
632 1318 801 1359 usatica
831 1317 937 1359 nulli
955 1317 1114 1358 cleris-n
1140 1316 1206 1357 vel
1231 1316 1340 1357 laico
1366 1313 1658 1356 dalmntdicti

99 1390 306 1433 homines
337 1391 391 1432 dc
431 1389 573 1432 Latis,
601 1389 684 1430 nisi
711 1389 872 1430 nuncio
898 1388 963 1429 vel
990 1387 1251 1442 [n]salg‹¹rio
1282 1385 1463 1441 predicti
1488 1384 1658 1426 domini

98 1464 142 1503 et
168 1461 344 1503 comitis
371 1464 415 1502 et
442 1460 736 1515 pariariorum
774 1472 958 1500 snorum
981 1494 988 1502 ,
1015 1462 1054 1499 et
1088 1458 1342 1499 custodiant
1362 1470 1440 1497 cos
1461 1457 1515 1496 de
1539 1455 1596 1495 vi.

159 1532 247 1574 Hec
287 1531 441 1574 omnia
486 1531 743 1586 supradicta
782 1534 825 1572 ct
864 1529 1039 1583 singula
1081 1529 1376 1570 laudaverunt
1418 1530 1461 1567 et
1500 1526 1660 1567 confir-

101 1606 341 1646 maverunt
381 1617 459 1658 pro
500 1616 546 1644 se
582 1606 626 1644 et
666 1602 759 1644 suis
800 1603 954 1643 l‘etrus
996 1600 1228 1655 Apnlgcri.
1273 1600 1427 1641 l‘etrus
1468 1596 1656 1641 lticnrdi,

101 1676 258 1718 Petrus
274 1674 570 1716 Sonnherius.
589 1674 842 1716 Bernardns
859 1673 1103 1721 llertrandi,
1121 1670 1387 1713 Guillelmns
1402 1668 1657 1710 Srndcrins.

99 1746 331 1788 Johannes
352 1745 579 1800 Magister.
606 1738 762 1787 Petrus
786 1745 1004 1787 Andreas,
1035 1745 1189 1785 l’clrus
1211 1743 1264 1783 dc
1286 1743 1471 1796 Campo.
1497 1743 1539 1781 ct
1562 1739 1663 1780 Ber-

102 1818 269 1860 nardus
297 1817 596 1873 Apalguerius
618 1818 672 1858 de
699 1817 830 1861 Latis,
866 1816 1179 1871 promittentes
1208 1812 1370 1867 singuli
1403 1814 1445 1853 ct
1478 1809 1662 1866 predicti

100 1888 308 1931 consules
327 1901 372 1930 se
396 1888 456 1930 ita
477 1889 708 1930 attendere
731 1891 773 1930 et
795 1887 1035 1942 complere.
1064 1887 1195 1940 prout
1217 1883 1425 1939 superius
1447 1882 1661 1937 scriptum

101 1962 190 2007 est,
219 1961 266 2001 et
291 1972 525 2014 nunquam
549 1959 701 2014 aliquo
739 1958 835 2000 loco
864 1957 934 1999 vel
964 1960 1165 2012 tempore
1204 1958 1358 1996 contra
1399 1953 1550 1995 venire
1586 1965 1664 2006 per

102 2030 217 2073 fides
239 2044 359 2074 suas.

161 2102 271 2145 Item
305 2102 533 2158 predictus
565 2102 833 2144 Guillelmus
867 2102 920 2143 de
949 2099 1086 2145 Villa,
1127 2098 1303 2154 bajulus
1340 2096 1521 2139 nomine
1561 2093 1663 2135 dicti

101 2173 273 2217 domini
304 2173 520 2230 episcopi,
559 2174 730 2216 ratione
759 2173 862 2215 dicti
888 2173 1144 2217 comitatus,
1176 2184 1202 2212 a
1232 2182 1321 2224 quo
1354 2167 1558 2224 promisit
1585 2166 1665 2206 hec

100 2244 254 2288 omnia
273 2244 446 2287 laudari
468 2247 512 2287 et
532 2244 790 2286 confirmari
814 2258 894 2299 pro
916 2243 1038 2285 omni
1060 2254 1191 2297 posse
1215 2254 1295 2282 suo
1320 2255 1327 2286 ;

162 2316 271 2358 Item
293 2330 372 2371 pro
393 2316 579 2358 dimidia
596 2315 804 2363 indivisa,
826 2318 868 2357 et
889 2315 1034 2356 dictus
1051 2313 1345 2368 Raynmndus
1364 2311 1417 2351 dc
1435 2307 1663 2361 Memorio,

105 2401 185 2443 pro
206 2400 253 2430 se
275 2390 319 2429 et
338 2387 457 2429 dicta
473 2387 658 2429 domina
675 2386 844 2429 Catella
859 2389 902 2428 et
927 2385 1022 2440 ejus
1045 2384 1206 2425 marito
1228 2382 1440 2437 predicto.
1460 2378 1668 2433 aquibus

103 2458 311 2515 promisit
331 2459 412 2500 hec
439 2458 592 2500 omnia
614 2461 708 2500 rata
728 2457 898 2505 haberi,
930 2455 1100 2498 laudari
1125 2457 1169 2496 et
1199 2451 1455 2495 confirmari
1479 2464 1558 2505 pro
1580 2448 1666 2489 alia

102 2529 290 2573 dimidia
321 2533 366 2572 et
395 2529 604 2581 indivisa,
638 2529 922 2571 laudationes
954 2530 997 2569 et
1028 2524 1416 2569 confirmaciones,
1441 2521 1593 2563 omnia
1624 2523 1665 2561 et

103 2600 279 2656 singula
308 2600 566 2656 supradicta
602 2600 923 2655 promiserunt,
958 2612 1037 2653 per
1071 2596 1174 2639 fidei
1210 2609 1289 2637 sue
1319 2593 1662 2649 plevimcntum,

105 2671 315 2728 predictis
347 2672 625 2717 consulibus,
660 2685 740 2726 pro
775 2684 821 2713 se
858 2673 902 2711 ct
934 2669 1148 2711 omnibus
1178 2665 1436 2708 lnmninibus
1465 2664 1518 2704 dc
1548 2661 1665 2703 Latis

103 2742 446 2799 stipulantibuS,
485 2745 529 2784 et
556 2741 881 2797 prenominatis
905 2740 1003 2782 aliis
1026 2738 1285 2780 lnnninilms
1307 2737 1360 2777 de
1385 2734 1517 2777 Latis.
1544 2732 1662 2786 qnod

105 2812 249 2856 bolios
277 2827 356 2856 seu
383 2814 564 2864 batuda,
595 2813 662 2855 vel
695 2818 855 2863 Sarrel,
894 2811 961 2853 vel
993 2809 1226 2864 solnneya,
1268 2807 1334 2847 vel
1368 2804 1564 2847 resumet,
1596 2802 1662 2842 vel

105 2883 274 2933 trahin,
301 2885 371 2926 vel
389 2885 573 2939 aliquod
598 2887 687 2926 rete
712 2884 830 2938 quod
857 2883 1001 2924 traliet
1023 2896 1085 2923 sc.
1111 2882 1300 2934 excepto
1328 2876 1555 2920 brorliina,
1581 2886 1667 2914 non

105 2958 286 2999 currant
306 2969 385 2998 nec
412 2956 639 3012 piscentur
661 2955 704 2996 in
727 2957 818 2996 toto
841 2954 957 2995 dicto
980 2956 1154 3008 stagno.
