2070 3486
805 285 1030 328 -11-

138 394 330 435 eumque
372 382 587 424 voluerit..
632 382 674 422 in
713 382 814 423 villa
857 381 1280 435 Montispessnlani.
1308 385 1350 423 vet
1383 382 1705 437 rujnssaumlue

141 451 281 492 forme
305 466 382 493 seu
414 453 736 507 magnitudinis
774 453 856 494 sibi
889 453 1116 507 placuerit,
1155 453 1194 493 in
1225 468 1314 507 (pio
1338 468 1516 507 semper
1544 454 1705 495 babeat

139 523 303 564 domus
324 524 566 578 Hospitalis
585 526 699 565 duos
718 524 974 578 capellanos
989 524 1043 564 ad
1064 524 1329 565 celebranda
1354 525 1522 567 divina.
1549 525 1707 566 tratres

140 593 341 648 ejusdem
371 581 533 635 domus·
559 595 622 636 ve!
647 595 775 636 alios.
799 598 839 636 et
865 608 952 636 non
984 595 1160 649 plures:
1195 599 1536 649 verumptamen
1561 596 1707 650 rapi-l-

141 664 245 712 lani,
282 665 357 719 qui
398 679 485 707 non
521 669 625 707 sunt
663 666 704 707 in
743 667 878 707 (tomo
917 666 1164 716 constituti,
1202 669 1384 720 possunt
1414 667 1470 707 ibi
1500 667 1702 708 divinum

139 735 338 777 officium
372 750 600 791 peragere.

198 806 458 848 Oblationes
485 822 588 848 vero
609 811 652 849 et
677 808 840 861 vigilie.
872 822 1157 863 quecumque
1184 808 1291 849 t'ient
1315 808 1440 848 altari
1473 809 1536 848 vel
1563 823 1709 850 saver-

139 878 247 923 doti,
281 892 359 933 pro
387 879 570 920 dimidia
604 883 726 934 parte
757 879 1040 934 pertinebunt
1075 881 1128 920 ad
1167 879 1531 933 Magalonensem
1565 880 1706 921 Eccle-

139 949 268 995 siam,
295 953 338 990 et
367 964 445 1004 pro
473 950 558 991 alia
582 950 765 991 dimidia
794 952 849 991 ad
879 952 1065 992 domum
1102 950 1357 1005 llospitalis.
1391 951 1475 991 sm}
1507 951 1540 990 si
1567 965 1704 992 mmm

138 1020 339 1062 oblatum
373 1022 561 1062 excedat
592 1034 818 1063 summam
853 1023 1045 1063 duorum
1089 1021 1392 1071 ‹tonan-iorum,
1433 1021 1472 1061 in
1504 1036 1554 1060 eo
1586 1023 1704 1075 quod

137 1092 339 1140 excedet,
366 1093 548 1133 habebit
576 1093 909 1147 Magatonensis
938 1093 1131 1134 Ecclesia
1166 1096 1252 1134 tres
1282 1095 1446 1148 partes,
1472 1095 1516 1134 et
1543 1095 1706 1134 domus

138 1163 381 1218 Hospitalis
404 1166 627 1218 quartam.
655 1164 872 1205 Similiter
893 1165 947 1206 de
970 1164 1182 1205 omnibus
1204 1164 1510 1205 oblationibus
1533 1167 1570 1205 et
1600 1163 1708 1215 vigi-

138 1234 224 1284 liis,
255 1248 342 1290 que
373 1234 481 1276 fient
511 1235 551 1276 in
583 1236 847 1277 memoriam
882 1236 940 1277 ibi
970 1236 1267 1290 sepultorum.
1300 1235 1587 1290 pertinebunt
1621 1237 1707 1275 tres

138 1308 287 1361 partes
327 1307 381 1347 ad
428 1306 668 1347 l⁴]ecl‹·siain
713 1307 1102 1359 Magalonensem,
1148 1309 1186 1347 et
1227 1309 1382 1361 quarta
1425 1307 1478 1347 ad
1521 1307 1704 1346 domnm

138 1377 397 1432 Hospitalis.
431 1379 515 1419 Sed
537 1378 704 1420 oblatio
734 1378 818 1419 olei
843 1380 898 1420 ad
924 1378 1301 1420 illuminationem
1324 1378 1459 1419 unius
1481 1377 1708 1431 lampadis

137 1449 194 1491 sit
215 1462 394 1504 semper
422 1449 665 1504 Hospitalis
690 1466 698 1503 3
733 1450 766 1491 si
796 1450 902 1505 quid
934 1464 1039 1491 vero
1068 1451 1120 1491 de
1152 1450 1251 1491 oleo
1277 1448 1565 1504 superfuerit,
1597 1448 1707 1489 ‹livi-

137 1521 270 1562 datur
291 1521 540 1562 secundum
562 1522 746 1562 modum
772 1522 1034 1576 impositum
1062 1521 1368 1562 oblationibus
1390 1523 1433 1561 et
1457 1519 1639 1573 vigiliis.

195 1591 248 1633 Et
274 1591 317 1632 in
351 1594 444 1634 toto
473 1592 736 1647 episcopatu
765 1593 1070 1647 Magalonensi
1107 1606 1195 1633 non
1222 1593 1382 1633 babeat
1405 1592 1570 1633 domus
1601 1592 1709 1632 llos-

137 1662 302 1717 pitalis,
335 1663 426 1704 ullo
455 1663 551 1705 loco
580 1664 649 1705 vel
678 1667 904 1719 tempore.
943 1663 1200 1710 ecclesiam,
1239 1663 1308 1703 vel
1337 1662 1602 1709 oratorium,
1639 1662 1706 1702 vel

136 1733 290 1779 altare.
329 1734 396 1775 vel
427 1734 697 1776 cimiterium
738 1738 887 1790 preter
915 1735 1225 1790 supradictum
1254 1734 1500 1776 oratorium
1523 1733 1708 1774 Montis-

136 1805 382 1860 pessulani.
420 1809 464 1848 et
491 1806 725 1848 ecclesiam
758 1807 907 1848 ¹<ancti
940 1806 1169 1848 (Ji-istotori
1194 1806 1274 1859 (t),
1301 1808 1341 1847 et
1372 1808 1520 1860 preter
1552 1818 1709 1859 supra-

136 1876 305 1918 dictum
327 1876 596 1918 cimiterium
621 1891 886 1919 eoncessum
910 1878 996 1919 sibi
1019 1877 1061 1919 in
1086 1877 1191 1919 villa
1221 1876 1634 1931 Montispessulani.
1667 1879 1709 1917 et

135 1950 285 2003 preter
310 1948 581 1991 cimiterium
607 1949 757 1991 sancti
786 1948 1033 1991 Cristot'ori.

194 2019 242 2060 In
271 2019 526 2061 visitatione
557 2020 859 2062 infirmorum.
895 2034 981 2076 que
1011 2020 1089 2062 fiet
1123 2034 1147 2062 a
1188 2020 1357 2062 clericis
1391 2019 1459 2060 vel
1494 2018 1708 2060 fratribus

136 2090 398 2147 Hospitalis,
433 2093 601 2134 debent
627 2092 710 2147 ipsi
749 2092 1020 2140 visitatores,
1059 2095 1146 2134 tam
1180 2092 1324 2133 clerici
1347 2105 1482 2148 quam
1516 2090 1630 2138 laici,
1663 2091 1704 2131 in

136 2175 273 2204 manu
299 2163 497 2219 episcopi
525 2164 788 2219 promittere
813 2165 932 2219 quod
958 2164 1094 2206 nichil
1122 2164 1286 2212 dicant,
1311 2163 1382 2205 vel
1412 2162 1575 2205 faciant
1602 2174 1707 2217 erga

134 2233 356 2283 infirmos,
393 2235 460 2277 vel
490 2248 559 2277 res
581 2249 753 2279 eorum.
780 2237 834 2278 ad
862 2237 1112 2291 dampnum
1138 2235 1471 2291 Magalonensis
1494 2233 1701 2277 Ecclesie.

136 2318 215 2347 nec
233 2304 425 2348 infirmis
442 2306 741 2362 penitenciam
762 2307 829 2348 vel
853 2307 1064 2349 viaticum
1083 2308 1188 2349 dare
1211 2308 1391 2349 debent.
1414 2319 1492 2347 nec
1508 2318 1700 2348 crucem,

135 2377 203 2418 vel
234 2377 499 2429 turibulum,
535 2379 603 2419 vel
639 2392 805 2433 aquam
837 2379 1135 2426 benedictam,
1170 2378 1236 2419 vel
1267 2380 1531 2419 ornamenta
1562 2390 1703 2418 saeer-

133 2449 303 2491 dotalia
328 2449 502 2491 deferre
525 2450 706 2498 debent,
734 2450 993 2491 viventibus
1017 2449 1223 2496 infirmis,
1257 2449 1323 2491 vel
1352 2448 1591 2495 defunctis,
1620 2447 1702 2488 nisi

135 2520 177 2561 in
205 2523 425 2575 quantum
457 2521 619 2561 domus
648 2521 891 2576 Hospitalis
920 2520 1194 2562 extenditur.

192 2592 240 2632 In
278 2591 450 2646 pretato
487 2606 591 2633 vero
631 2592 826 2634 oratorio
863 2591 1291 2647 Mmitispessulani,
1338 2592 1502 2632 babeat
1541 2591 1704 2631 domus

135 2662 403 2717 Hospitalis,
441 2676 726 2718 quacumque
763 2666 886 2718 parte
916 2663 1129 2711 volucrit,
1164 2664 1277 2704 duas
1313 2662 1499 2719 squillas
1537 2664 1579 2702 et
1613 2674 1701 2701 non

136 2733 304 2788 plures.

194 2805 381 2860 Insuper
406 2805 618 2847 omnibns
648 2807 931 2861 presentibus
959 2810 1001 2848 et
1037 2806 1199 2849 tuturis
1228 2808 1445 2861 appareat
1474 2805 1610 2859 quod,
1647 2818 1700 2844 ex

179 2955 229 3001 (1)
259 2954 598 2997 Saint-Cbristol‚
623 2957 774 2991 canton
794 2955 844 2992 de
864 2956 1004 2992 Lunel.
