2070 3486
758 326 808 330 —
845 300 930 342 699
965 326 1018 331 -

553 493 847 540 D'Lxxxviu.
879 527 920 530 -
949 507 970 541 c
998 506 1096 542 aunt
1125 507 1215 542 1252

177 636 355 672 Pierre
389 636 448 671 de
479 635 707 681 Conques
743 638 1024 673 renouvelle
1059 648 1125 672 un
1164 642 1358 685 acapte‚
1400 639 1517 674 dont
1549 640 1594 675 le

429 696 755 741 proprietaire
776 697 910 732 avait
930 697 1083 742 perdu
1101 697 1173 732 les
1193 699 1342 733 actes.

164 813 213 854 In
240 813 424 856 nomine
446 813 623 855 Domini
644 813 792 855 Nostri
819 814 957 855 Jhosu
979 814 1158 856 Christi.
1185 815 1314 855 Anno
1338 815 1667 857 Incarnacionis

104 883 307 939 ejusdem
332 884 571 926 millesimo
591 885 901 926 ducentesimo
929 885 1307 940 quinquagesimo
1329 887 1542 930 secundo,
1569 899 1667 941 scp-

106 954 215 997 timo
249 955 423 997 decimo
453 956 669 997 kalendas
698 956 996 1011 septembris,
1037 970 1140 1003 nos,
1180 958 1335 998 l'clrus
1369 958 1423 998 de
1458 957 1664 1009 Conchis,

104 1026 181 1068 Dei
214 1026 357 1081 gratia
384 1027 718 1081 Magoloueusis
752 1028 990 1082 episcopus
1020 1041 1098 1082 per
1128 1022 1208 1069 nos
1238 1031 1281 1069 vt
1307 1042 1466 1084 omnes
1494 1042 1673 1079 succes-3

104 1111 228 1140 sores
258 1101 434 1140 nostros
456 1098 746 1153 (piscopos...
768 1099 864 1153 jure
887 1098 1047 1153 acapiti
1069 1099 1287 1140 tradimus
1315 1103 1356 1141 el
1379 1100 1666 1141 concedimus

105 1169 185 1211 tibi
211 1168 464 1212 Guillelme,
499 1169 586 1210 l'ilie
615 1171 845 1224 quondam
888 1169 1101 1210 Beruardi
1138 1171 1191 1210 ‹le
1230 1170 1377 1217 Nouls,
1418 1174 1461 1212 et
1497 1171 1598 1219 luis,
1622 1174 1668 1213 et

103 1239 211 1296 quia
237 1240 470 1282 asseruisti
510 1253 658 1282 coram
697 1240 826 1282 nohis
853 1241 972 1295 quod
1012 1240 1313 1283 iustrumenta
1352 1242 1408 1283 ad
1448 1242 1663 1284 honorem

104 1311 439 1367 infrascriptum
467 1311 702 1355 amiseras.
735 1311 941 1353 videlicet
967 1311 1200 1366 cujusdem
1230 1312 1429 1355 tenencie
1452 1327 1667 1368 quorum-

103 1384 208 1426 dam
252 1383 501 1429 honorum,
544 1382 620 1438 qui
662 1386 767 1424 suut
807 1382 849 1424 iu
891 1382 1126 1437 parrochia
1168 1383 1317 1425 Sancti
1357 1384 1570 1439 Stephani
1611 1386 1665 1426 de

101 1454 320 1510 Bejanicis
360 1454 475 1496 intra
513 1457 602 1496 tres
640 1454 877 1501 carrerias,
911 1454 1075 1496 scilicet
1104 1454 1219 1496 inl'ra
1253 1454 1374 1497 illam
1404 1456 1660 1504 carreriam,

101 1539 189 1582 que
216 1529 370 1568 movet
395 1527 450 1567 de
484 1526 660 1567 camino
700 1525 851 1568 Sancti
884 1526 1038 1568 Jacobi
1077 1529 1121 1568 et
1160 1529 1282 1568 tenet
1309 1540 1468 1569 versus
1502 1528 1660 1574 Latas·;

101 1600 145 1640 et
179 1597 295 1639 infra
318 1597 452 1639 aliam
481 1611 568 1653 que
596 1600 749 1639 movet
769 1599 823 1639 de
846 1597 1043 1639 'seri-allo
1077 1600 1122 1639 et
1150 1600 1271 1639 tenet
1299 1612 1457 1640 versus
1481 1598 1666 1640 Villam-

102 1682 293 1718 uovam3
329 1671 373 1710 et
411 1668 527 1710 insi-a
561 1669 696 1710 aliam
734 1683 821 1723 que
861 1671 1015 1710 movet
1054 1669 1146 1723 [de]
1176 1682 1334 1711 manso
1364 1670 1417 1711 de
1453 1670 1597 1712 Lausa
1620 1673 1663 1711 et

102 1739 203 1782 terit
223 1740 278 1782 ad
307 1739 535 1782 omninum
566 1739 716 1781 Sancti
742 1740 911 1781 Jacobi.

159 1811 276 1853 Vero
299 1825 378 1866 pro
407 1811 605 1866 predicta
629 1811 831 1852 tenoneia
852 1811 1091 1858 honorum,
1117 1811 1192 1866 qui
1216 1814 1320 1853 suut
1348 1810 1464 1853 iufra
1493 1812 1661 1867 predic-

99 1885 167 1925 tas
188 1882 402 1924 carrelias
423 1885 467 1924 et
487 1884 543 1924 ad
571 1886 613 1924 te
641 1883 934 1937 pertinentes,
959 1882 1087 1924 dabis
1111 1883 1240 1924 uobis
1263 1886 1306 1925 et
1328 1883 1663 1925 successoribus

97 1954 279 2003 nostris,
310 1953 513 2010 quolibet
534 1967 668 2001 anno,
705 1954 747 1995 in
782 1953 895 1995 testo
924 1954 1065 1995 sancti
1091 1954 1204 1996 Petri
1234 1954 1428 1996 intrante
1450 1958 1658 2009 augusto.

97 2038 178 2081 pro
205 2025 377 2067 usatieo
405 2025 641 2067 duodecim
683 2024 880 2067 sextaria
919 2024 1043 2066 ordei
1089 2028 1132 2066 et
1169 2025 1406 2067 duodecim
1453 2026 1661 2068 denarios

98 2096 436 2151 melgorienses,
467 2098 697 2151 aportatos
732 2095 775 2137 in
811 2096 946 2137 domo
975 2098 1129 2138 nostra
1151 2096 1268 2138 infra
1295 2096 1447 2138 villam
1478 2096 1661 2138 Montis—

98 2167 344 2223 pessulani.

156 2238 209 2280 Et
234 2238 543 2294 promittimus
565 2241 609 2280 et
629 2238 926 2280 convenimus
951 2238 1029 2280 tibi
1062 2251 1142 2294 per
1168 2238 1512 2294 stipulacionem
1538 2241 1658 2294 quod

98 2309 350 2352 tenenciam
384 2310 609 2351 honorum
646 2309 952 2365 predictorum
993 2309 1152 2351 faciam
1195 2313 1235 2352 tc
1272 2313 1316 2352 et
1345 2313 1445 2352 tuos
1481 2324 1661 2366 semper

98 2381 318 2423 habere...
359 2384 403 2423 et
437 2381 494 2423 ab
533 2381 655 2422 omni
695 2381 1096 2423 contradicente...
1137 2381 1233 2436 jure
1276 2395 1455 2437 semper
1490 2382 1661 2424 deflen-

95 2452 282 2497 demus:
313 2455 357 2495 et
384 2466 464 2508 pro
496 2452 580 2493 hiis
613 2451 881 2494 omuibus...
913 2454 957 2494 et
984 2452 1264 2494 eviccione...
1293 2453 1373 2495 tibi
1405 2453 1659 2508 obligamus

96 2526 141 2565 et
164 2523 252 2565 tuis
288 2524 405 2565 bona
439 2526 592 2565 nostra
614 2523 765 2564 omnia
794 2523 1080 2578 episcopatus
1115 2524 1255 2565 nostri
1296 2524 1655 2578 Mag-salonensis:

95 2593 293 2637 dicentes
329 2597 373 2636 et
411 2596 665 2636 asserentes
705 2594 824 2649 quod
862 2594 994 2636 nichil
1034 2598 1101 2636 est
1141 2595 1365 2636 dictum...
1413 2595 1657 2650 quominus

96 2665 177 2708 hec
202 2665 363 2721 acapiti
398 2665 519 2707 datio
543 2668 587 2707 et
614 2665 768 2707 omnia
795 2668 837 2706 et
860 2665 1037 2720 singula
1065 2666 1323 2721 supradicta
1344 2666 1475 2707 firma
1505 2666 1591 2707 siut
1614 2669 1657 2707 et

96 2735 343 2779 inviolabili
381 2737 608 2790 gaudeant
648 2735 894 2783 firmitate:
941 2750 1021 2779 uec
1059 2737 1211 2792 aliquo
1255 2737 1406 2792 jure...
1453 2750 1651 2792 unquam

94 2810 251 2850 contra
274 2807 523 2853 veniemus,
550 2820 629 2849 nec
650 2806 813 2862 aliquis
834 2810 928 2849 arte
954 2811 1121 2855 nostra,
1148 2809 1334 2850 consilio
1359 2809 1425 2849 vel
1451 2808 1651 2861 ingenim

95 2880 139 2921 et
176 2878 237 2920 ita
275 2878 353 2920 tibi
387 2878 545 2920 iterata
599 2878 894 2933 stipulacione
934 2879 1240 2934 promittimus
1284 2879 1472 2934 simplici
1518 2880 1655 2920 verbo

94 2952 275 2997 nostro:
315 2949 583 2991 renuncians
628 2949 731 2991 inde
770 2949 891 2990 omni
931 2950 1016 3005 juri
1052 2953 1096 2991 et
1136 2951 1300 2991 racioui
1337 2965 1425 3005 quo
1469 2951 1535 2991 vel
1567 2963 1655 3005 qua

206 3032 304 3062 -can,
326 3032 367 3062 ae
386 3031 476 3072 May.
508 3049 536 3054 —
562 3032 596 3060 T.
625 3030 649 3060 u
1495 3032 1533 3062 45
