2070 3486
994 269 1043 273 —
1080 242 1166 284 642
1204 269 1252 274 —-

342 341 553 382 dominns
583 340 838 381 johannes.
876 338 1166 392 predecessor
1193 336 1419 392 ejusdem.
1454 336 1776 383 intentaverat,
1811 335 1905 377 sive

345 415 571 454 moverat:
604 414 641 451 rt
667 409 934 463 gii-neraliter
955 422 1092 463 snper
1117 408 1329 449 omnibus
1351 406 1684 453 controversiis,
1710 406 1907 462 questio-

345 484 497 530 nibus3
530 486 572 524 et
601 480 821 523 rnneuris.
853 494 966 534 quas
994 480 1110 521 dirte
1141 481 1288 534 partes
1318 478 1550 520 instituere
1581 480 1788 533 poteraut
1814 476 1904 535 [ad]

344 554 534 595 invicem
559 553 625 593 ve!
658 565 854 598 movere,
887 550 1296 605 compromisci-unt
1323 549 1366 590 in
1395 549 1654 596 Martinum,
1687 551 1905 591 rectorem

343 625 524 670 ecciesie
553 625 607 665 de
632 623 894 675 Aineglaw),
920 620 1242 663 Nemausensis
1270 620 1476 665 diocesis,
1500 620 1542 661 in
1565 619 1902 674 Bercngarium,

345 696 537 751 priorem
581 694 764 735 01¹0108i0
802 694 855 735 de
895 691 1258 739 Montoi'erravim
1303 690 1636 746 Magalonensis
1678 690 1904 739 diocesis;

341 781 455 821 quos
483 766 675 808 arbitros
697 767 741 806 et
761 764 1053 806 arbitratores
1077 763 1378 805 communiter
1396 765 1440 804 et
1466 761 1745 804 concorditer
1765 761 1909 816 elege-

344 841 460 883 runt,
499 838 599 890 data
629 836 757 891 piena
788 838 831 876 et
862 835 999 876 libera
1031 836 1252 889 potestate
1280 833 1451 875 eisdem
1481 833 1704 888 predictas
1731 834 1909 875 contro-

343 908 512 949 versias
544 906 828 954 terminandi,
861 909 1040 947 servato
1067 905 1178 960 Juris
1205 905 1361 946 ordine
1391 904 1459 946 vel
1489 904 1706 951 obmisso,
1739 902 1910 945 exami-

343 980 528 1022 nacione
565 979 679 1021 iacta
706 978 774 1019 vel
801 977 845 1019 in
878 980 1019 1018 totum
1043 977 1259 1023 obmissa,
1297 975 1584 1031 presentibus
1611 974 1816 1030 partibus
1837 973 1908 1016 vel

341 1051 630 1092 absentibus.
670 1049 829 1091 diebus
867 1047 1034 1090 feriatis
1065 1048 1135 1088 vel
1164 1061 1252 1089 non
1296 1047 1486 1091 feriatis,
1519 1060 1598 1102 per
1632 1045 1908 1088 sentenciam

345 1122 410 1163 vel
443 1121 621 1177 proprie
649 1120 885 1161 arbitrium
914 1118 1161 1161 voluntatis
1185 1134 1192 1162 1
1225 1119 1308 1160 hoc
1333 1121 1448 1165 acto,
1479 1118 1625 1172 quod,
1659 1117 1694 1159 si
1722 1116 1910 1173 predicti

342 1194 431 1235 duo
471 1192 625 1234 arbitri
656 1192 924 1233 concordare
960 1190 1271 1245 nequiverint,
1315 1189 1527 1231 dominus
1554 1189 1696 1230 abbas
1733 1187 1908 1230 Aniane

342 1264 399 1306 sit
429 1263 584 1305 tertius
613 1276 713 1303 cuni
736 1262 921 1303 eisdem.

400 1334 616 1389 Quicquid
650 1347 755 1387 ergo
790 1347 869 1388 per
900 1333 1042 1374 dictos
1070 1332 1280 1374 dominos
1308 1331 1516 1375 arbitros,
1544 1331 1614 1373 vel
1649 1330 1760 1386 ipsis
1781 1329 1912 1372 dissi-

342 1406 553 1449 dentibus
576 1418 653 1460 pcr
681 1417 821 1446 unum
849 1417 905 1445 ex
935 1403 998 1445 eis
1026 1416 1127 1444 cum
1156 1402 1341 1445 domino
1368 1403 1532 1444 abbate
1561 1401 1750 1449 Aniene,
1775 1414 1912 1456 super

344 1477 574 1532 premissis
603 1477 771 1518 (lictum
800 1475 871 1517 vel
902 1475 1160 1517 ordinatum
1193 1474 1351 1522 fuerit,
1387 1474 1457 1516 vel
1487 1474 1778 1521 mandatum,
1810 1486 1912 1528 pro-

344 1550 563 1591 miserunt
586 1551 734 1603 partes
752 1548 807 1589 ad
829 1546 1039 1593 invicem,
1064 1547 1147 1587 sub
1170 1546 1448 1600 obligacione
1464 1545 1668 1587 omnium
1690 1546 1910 1586 bonorum

342 1620 448 1662 dieti
486 1620 753 1662 comitatus.
794 1619 851 1660 ad
879 1618 1142 1673 episcopum
1178 1617 1535 1672 pertinencium,
1568 1619 1612 1658 ct
1647 1615 1911 1658 monasterii

346 1693 615 1733 Francarum
658 1690 876 1738 vallium,
926 1692 1077 1731 tenere
1119 1693 1161 1730 et
1208 1689 1453 1743 complere,
1503 1691 1547 1730 et
1590 1686 1912 1734 inviolabili-ter

344 1764 607 1808 observare,
648 1764 692 1803 et
721 1761 844 1802 nullo
873 1760 971 1816 jure
1006 1760 1075 1801 vel
1116 1760 1288 1802 ratione
1325 1758 1639 1801 contravenire
1683 1758 1767 1800 sub
1795 1771 1913 1813 pena

344 1837 524 1876 centum
565 1833 851 1875 marcharum
893 1831 1083 1885 argenti,
1127 1831 1170 1873 in
1213 1834 1419 1873 mutuam
1455 1829 1798 1885 stipulacionem
1835 1829 1911 1871 dc-

343 1907 491 1953 ‹lucta‚
521 1919 547 1946 a
575 1908 701 1960 parte
725 1903 1012 1946 inobediente
1041 1903 1210 1945 tociens
1238 1902 1493 1945 comitenda
1515 1900 1731 1956 quociens
1757 1903 1915 1943 contra

345 1979 608 2019 mandatum
648 1976 718 2018 vel
755 1976 970 2018 mandata
991 1974 1165 2017 venerit
1186 1973 1485 2020 arbitrorum;
1528 1985 1618 2028 qua
1647 1971 1842 2014 comissa
1870 1974 1914 2014 et

344 2052 516 2096 exacta„
543 2048 681 2090 semel
705 2047 773 2089 vel
795 2047 973 2102 sepius,>
991 2047 1255 2088 mandatum
1276 2059 1354 2087 seu
1374 2045 1588 2086 mandata
1607 2043 1912 2099 predictorum

330 2121 615 2162 arbitrorum
653 2121 871 2175 perpetua
911 2118 1231 2160 nichilominus
1276 2117 1487 2159 firmitate
1530 2115 1762 2163 nitantur;
1808 2116 1914 2158 data

344 2192 485 2234 eciam
515 2194 733 2246 potestate
769 2190 939 2232 eisdem
973 2189 1153 2231 arbitris
1188 2187 1514 2244 interpretandi
1549 2191 1593 2230 et
1637 2185 1908 2234 declarandi,

346 2264 379 2304 si
408 2263 513 2318 quid
544 2262 793 2317 questionis
818 2261 888 2303 vel
915 2260 1159 2303 dubietatis
1190 2259 1424 2302 emerserit
1445 2272 1581 2314 super
1608 2271 1764 2301 eorum
1788 2270 1913 2299 man-

345 2337 464 2376 dato.
490 2335 557 2376 vel
580 2334 819 2381 mandatis,
847 2333 919 2375 vel
939 2346 1075 2388 super
1097 2345 1211 2387 pena
1236 2333 1293 2374 ab
1314 2332 1531 2373 alterutra
1552 2333 1678 2386 parte
1699 2328 1909 2380 comissa,

346 2406 415 2447 vel
450 2406 590 2447 eciam
622 2405 902 2461 c‹›mitenda;
936 2404 996 2445 ita
1025 2404 1144 2459 quod
1176 2417 1311 2458 super
1343 2402 1430 2444 hiis
1453 2404 1596 2444 stetur
1622 2399 1913 2444 declarationi

344 2481 388 2520 et
409 2477 550 2519 eciam
574 2477 796 2518 voluntati
823 2476 1008 2518 omnino
1029 2489 1134 2518 eoru
1145 2476 1310 2516 mdem.

406 2549 458 2590 Et
488 2549 627 2590 eciam
658 2548 907 2594 sciendum,
939 2548 1075 2602 quod,
1118 2561 1198 2601 pro
1232 2546 1317 2588 hiis
1346 2545 1559 2587 omnibus
1593 2543 1905 2590 observandis,

350 2620 636 2675 fidejussores
671 2621 870 2675 ydoneos
904 2618 1098 2660 invicem
1127 2620 1353 2673 prestent,
1392 2620 1436 2658 ct
1463 2616 1573 2672 ipsis
1609 2615 1813 2663 arbitris,
1854 2615 1911 2657 ad

347 2691 654 2745 cognicionein
683 2703 860 2736 eorum,
893 2693 937 2731 et
966 2691 1087 2744 quod
1119 2689 1497 2744 compromissum
1526 2689 1658 2730 duret
1685 2700 1828 2742 usque
1855 2687 1913 2728 ad

348 2762 669 2817 carniprivium
701 2761 959 2817 proximum
993 2776 1000 2808 ;
1049 2760 1191 2815 possit
1225 2764 1374 2804 tamen
1416 2773 1559 2815 usque
1592 2759 1647 2800 ad
1672 2759 1809 2800 Pasca
1837 2770 1915 2812 per

349 2834 470 2889 ipsos
499 2833 691 2875 arbitros
719 2836 763 2874 et
791 2834 1074 2886 subsequens
1102 2831 1347 2887 prorogari.

408 2906 569 2946 Actum
593 2904 635 2945 in
657 2904 1069 2958 MoMepessulano,
1088 2903 1132 2944 in
1154 2903 1386 2959 presencia
1403 2905 1445 2944 et
1465 2900 1723 2944 testimonio
1744 2898 1917 2942 domini
