2070 3486
992 199 1250 244 —842—

334 299 478 338 autur.
517 297 695 339 (Ilei-iris
726 300 877 338 aulem
915 300 955 338 et
987 296 1191 351 personis
1227 295 1538 338 ecclesiasticis
1575 297 1899 342 immunitates.

334 382 447 422 quas
485 369 539 409 de
575 369 685 424 juris
725 368 941 409 lwni‘d'irio
982 368 1214 414 obtinent,
1266 368 1522 409 nullatenus
1558 368 1775 410 duximus
1809 369 1903 410 adi-

339 441 542 481 mendas.

393 510 502 552 Item
535 511 746 552 volumus
785 513 827 552 et
864 511 1133 551 mandamus
1161 512 1295 565 atque
1331 510 1589 559 statuimus,
1622 511 1742 565 quod
1771 510 1902 554 liceat

333 581 544 637 episcopo
575 583 616 623 in
646 585 770 637 parte
803 596 883 623 sua
914 586 1000 623 tres
1030 580 1185 623 furnos
1214 581 1373 630 faeere,
1405 585 1449 624 et
1470 595 1610 623 unum
1641 582 1896 630 macellum,

334 652 375 693 in
405 667 495 708 quo
532 657 679 695 tamen
716 653 818 696 sint.
854 667 933 694 seu
965 666 1063 695 esse
1101 652 1297 708 possint,
1333 656 1506 708 septem
1538 653 1898 695 macellariorum

333 724 498 768 tabule.
525 727 563 767 el
590 739 677 766 non
702 725 831 766 ultra.
860 724 1007 766 Liceat
1025 724 1160 765 etiam
1181 724 1326 766 eidem
1348 725 1558 779 episcopo
1582 725 1626 766 in
1648 728 1774 780 parte
1797 738 1894 773 sua,

328 794 458 850 juxta
479 796 664 836 domum
686 808 831 842 suam,
850 808 1029 836 murum
1055 795 1157 836 ville
1179 795 1368 850 aperire.
1392 798 1435 837 et
1458 795 1517 837 ibi
1540 795 1713 850 portale
1734 795 1893 843 facere,

329 879 409 921 pro
431 867 753 908 commoditate
775 866 973 921 episcopi
996 869 1039 907 et
1061 866 1297 908 hominum
1327 866 1442 908 dicte
1472 866 1625 921 partis,
1654 867 1775 922 quod
1798 881 1898 922 por-

330 937 415 979 tale
461 937 627 992 portis.
669 937 779 978 seris
823 940 866 979 et
911 937 1115 979 clavibus
1153 937 1427 985 iustruatur;
1476 937 1603 993 cujus
1650 938 1800 979 claves
1836 937 1898 979 illi

328 1009 597 1057 custodiant,
637 1009 713 1063 qui
750 1009 898 1050 claves
932 1008 1251 1050 consueverint
1286 1008 1476 1050 aliorum
1521 1008 1761 1063 portalium
1800 1022 1900 1051 cus-

332 1079 490 1121 todire.

391 1151 720 1193 l’eissonariam
746 1165 867 1199 vero,
897 1151 963 1193 vel
989 1150 1176 1193 tinctum
1198 1152 1404 1199 rubeum,
1428 1151 1546 1193 dicto
1569 1151 1797 1207 episcopo,
1825 1151 1895 1193 vel

329 1223 422 1264 suis
445 1223 796 1269 successoribus,
825 1222 967 1265 facere
996 1236 1230 1278 nunquam
1261 1223 1406 1271 liceat,
1439 1223 1533 1264 sinc
1562 1223 1731 1265 domiui
1761 1223 1893 1279 regis,

328 1294 397 1336 vel
423 1295 638 1336 heredum
662 1308 864 1336 suorum.
891 1294 1180 1336 dominorum
1210 1294 1625 1349 Montispessulani,
1653 1307 1892 1336 consensu.

388 1366 474 1407 Sed
512 1368 555 1407 et
593 1367 650 1407 ab
678 1365 907 1413 omnibus,
951 1379 1038 1420 que
1075 1365 1195 1407 idem
1228 1365 1467 1421 episcopus
1498 1366 1683 1420 petebat
1709 1366 1764 1407 dc
1796 1379 1896 1408 sex-

331 1437 489 1479 taimli.
518 1437 649 1478 ferro.
678 1437 892 1492 pondere,
917 1437 1044 1492 cupis
1069 1440 1112 1478 et
1144 1437 1304 1481 leudis.
1329 1440 1372 1478 et
1395 1436 1647 1485 consulatu,
1683 1437 1895 1479 eumdem

327 1508 561 1549 dominum
584 1521 733 1562 regem
750 1507 1032 1549 absolvimus
1054 1522 1077 1548 a
1099 1508 1393 1562 petitionibus
1409 1507 1607 1562 episcopi
1631 1507 1891 1562 supradicti.

388 1580 549 1620 Villam
572 1579 706 1621 etiam
724 1580 941 1621 Franram
959 1579 1129 1621 domini
1153 1579 1269 1632 regis
1290 1579 1589 1635 jurisdictioni
1610 1582 1652 1620 et
1674 1578 1896 1621 districtui

327 1651 658 1706 adjudicamus.

385 1723 495 1765 Item
519 1723 776 1770 statuimus,
803 1722 1016 1764 volumus
1035 1726 1079 1765 et
1099 1724 1385 1771 mandamus,
1405 1724 1525 1778 quod
1546 1722 1665 1764 idem
1682 1722 1895 1764 dominus

325 1808 405 1837 rex
427 1794 632 1849 protinus
660 1795 807 1837 eidem
833 1794 1045 1850 episcopo
1075 1798 1364 1850 recognoscat
1384 1808 1430 1837 se
1456 1798 1605 1836 tenere
1632 1794 1891 1836 iil-feudum

324 1867 380 1908 ab
409 1867 568 1908 eodem
591 1866 802 1922 episeopo
830 1866 1044 1922 quicquid
1074 1867 1210 1909 habet
1236 1869 1280 1908 et
1308 1867 1472 1908 habere
1493 1867 1627 1908 debet
1648 1865 1692 1907 in
1720 1866 1893 1907 Monte-

324 1938 567 1993 pessulano
597 1941 639 1980 et
660 1941 811 1982 ,castro
833 1939 886 1979 de
916 1938 1098 1981 Palude.
1126 1938 1220 1979 sive
1243 1938 1297 1979 de
1322 1937 1457 1984 Latis,
1483 1940 1528 1978 et
1548 1937 1670 1992 quod
1701 1950 1780 1992 pro
1808 1937 1892 1978 hoc

328 2009 458 2051 leudo
507 2009 608 2051 fecit
652 2009 937 2064 homagium,
984 2009 1150 2064 junctis
1194 2010 1426 2054 manibus,
1475 2012 1519 2050 et
1563 2009 1668 2050 dato
1716 2007 1887 2055 osculo,

322 2081 532 2133 Johanni,
564 2081 671 2122 olim
698 2081 1005 2135 Magalonensi
1033 2081 1260 2136 episcopm
1289 2079 1362 2138 [et]
1394 2084 1485 2122 tam
1509 2080 1609 2136 ipsi,
1635 2092 1773 2135 quam
1794 2079 1891 2135 ejus

324 2152 674 2194 successorihus.
695 2152 917 2208 episcopis
934 2153 1346 2207 magalonensibus,
1366 2155 1550 2207 propter
1571 2153 1655 2193 hoc
1683 2151 1888 2199 feudum,

325 2223 589 2265 fidelitatem
615 2223 797 2278 juravit.
840 2225 928 2265 Sed
956 2224 1168 2265 volumus
1203 2226 1246 2265 et
1286 2224 1574 2269 mandamus,
1605 2235 1686 2277 pro
1714 2221 1892 2264 domini

325 2294 440 2348 regis
461 2295 732 2342 reverencia,
753 2296 873 2349 quod
894 2295 1148 2350 episcopus,
1170 2295 1255 2337 hiis
1274 2297 1527 2342 contentus,
1551 2292 1891 2335 dum'dominus

324 2378 404 2407 rex
432 2365 597 2407 vixerit
626 2366 723 2414 iste,
751 2366 923 2407 nullum
944 2367 999 2408 de
1022 2380 1140 2408 novo
1169 2366 1335 2419 exigat,
1361 2380 1413 2408 eo
1437 2365 1636 2413 nomine,
1660 2364 1893 2420 juramen-

325 2440 447 2484 tum;
480 2438 557 2479 sed
590 2450 669 2478 nec
692 2437 856 2492 aliquis
883 2437 981 2493 ejus
1010 2451 1256 2485 successor,
1299 2441 1401 2493 post
1427 2437 1608 2492 ipsum,
1640 2436 1698 2478 ab
1731 2436 1890 2478 eodem

322 2508 505 2549 domino
540 2522 642 2563 rege
681 2522 850 2549 novum
889 2509 1196 2563 juramentum
1236 2508 1449 2564 requirat,
1489 2521 1571 2550 nec
1608 2508 1706 2562 ipse
1743 2506 1888 2548 facere

325 2582 554 2621 teneatur:
596 2580 673 2621 sed
702 2580 977 2635 quicumque
1004 2580 1217 2622 dominus
1248 2578 1644 2635 Montispessulani
1680 2578 1816 2620 fuerit
1846 2580 1891 2619 et

323 2650 455 2693 castri
495 2652 550 2692 de
591 2652 724 2699 Latis,
759 2651 827 2692 vel
856 2651 1143 2700 alterutrius,
1181 2666 1262 2707 pro
1307 2654 1514 2706 utroque,
1564 2650 1602 2692 si
1642 2653 1888 2704 utrumque

323 2722 547 2771 habuerit,
572 2722 643 2764 vel
674 2736 754 2777 pro
781 2722 937 2765 altero,
965 2722 999 2764 si
1022 2723 1214 2765 alterum
1244 2725 1419 2765 tantum
1442 2721 1666 2769 habuerit,
1691 2719 1890 2775 Magalo-

323 2794 452 2848 nensi
473 2794 700 2849 episcopo,
724 2793 801 2849 qui
824 2807 902 2848 pro
927 2796 1128 2848 tempore
1152 2794 1298 2841 luerit,
1325 2794 1490 2835 dictam
1510 2792 1884 2848 recognicionem,

321 2878 422 2906 eum
452 2865 662 2919 homagio
690 2864 824 2907 simili
847 2867 890 2906 et
913 2864 1143 2907 fidelitatis
1170 2865 1441 2920 juramento,
1482 2864 1626 2906 lacere
1654 2860 1885 2911 teneatu'1·;

2062 2183 2070 2353 .-.-.-ι-.4..Ᾰ
2066 2126 2070 2131 .
2067 2082 2070 2086 l
2066 2015 2070 2033 -.
