2070 3486
987 302 1249 345 -808—

392 400 610 442 Omnibus
638 399 737 441 aliis
775 399 1105 442 sacerdotibus.
1138 399 1213 454 qui
1255 398 1505 441 intererunt
1535 399 1647 441 meis
1675 398 1894 455 exequiis,

336 473 385 513 Vl
411 472 646 517 denarios;
692 471 932 526 unicuique
969 471 1207 513 scolarium
1248 470 1434 511 ecclesie
1474 471 1751 525 supradicte,
1784 471 1798 512 1
1826 472 1902 512 de-

334 543 536 585 narium:
569 542 691 597 operi
717 542 901 583 ecclesie
935 542 1058 583 Beati
1095 541 1209 583 l'etri
1237 542 1290 583 de
1315 541 1562 596 Magalona,
1590 541 1644 582 vl
1667 541 1896 589 denarios;

334 614 456 668 ponti
486 613 689 668 ejusdem
719 613 918 661 ecclesie,
947 613 1257 660 Videna1=i0s3
1289 612 1551 661 elemosine,
1586 613 1636 653 vl
1665 613 1897 661 denarios;

333 684 595 731 infirmarie,
632 684 684 725 VI
712 684 936 726 denarios.

391 756 637 797 Residuum
676 769 783 797 vero
821 755 923 797 volo
951 755 1159 797 distribui
1188 755 1233 796 in
1263 754 1414 797 missis
1441 754 1722 797 celebrandis
1744 789 1753 804 ‚
1784 757 1829 798 et
1854 754 1899 797 in

328 827 427 868 aliis
455 827 667 882 operibus
696 826 877 881 pietatis
895 826 957 882 (1)
995 827 1111 868 inl'ra
1146 826 1377 882 dyocesim
1421 826 1804 881 Magalonensem,
1842 828 1899 868 ad

332 898 542 940 noticiam
564 898 851 953 gadiatorum
880 911 1103 939 meorum.

389 970 498 1011 Item
536 969 742 1025 relinquo
783 969 965 1011 domine
1002 969 1253 1016 Thomase‚
1298 968 1444 1010 socrui
1478 981 1600 1020 mee,
1635 969 1901 1011 mantellum

330 1054 482 1083 meum
503 1041 557 1082 de
579 1042 788 1085 bruneto,
810 1044 853 1082 ct
869 1041 1141 1095 gacnacham
1165 1053 1313 1082 meam
1336 1041 1390 1082 dc
1414 1041 1621 1088 bruneto,
1641 1043 1684 1082 et
1704 1039 1900 1082 tunicam

332 1125 479 1154 ineam
507 1113 561 1154 de
591 1113 744 1161 viridi;
775 1113 882 1154 item
912 1112 1118 1167 relinquo
1141 1112 1279 1153 Mario
1301 1112 1545 1153 Cathalane
1573 1114 1617 1153 et
1643 1111 1897 1160 Guillelme‚

332 1183 421 1224 filie
450 1198 544 1231 sue,
571 1185 801 1239 quandam
830 1187 1005 1226 trenam
1035 1197 1200 1232 meam,
1239 1186 1283 1225 et.
1309 1183 1474 1237 caligas
1497 1196 1621 1225 ineas
1644 1183 1699 1225 de
1722 1186 1901 1238 preceto

332 1256 498 1299 rubeo:

387 1327 498 1369 Item
527 1327 732 1383 relinquo
768 1328 922 1376 Petro,
962 1327 1125 1370 marito
1164 1340 1292 1375 meo,
1337 1327 1391 1368 dc
1428 1327 1531 1368 dote
1571 1328 1616 1368 et
1654 1325 1903 1369 hereditate

330 1411 446 1446 mea,
478 1400 535 1440 ad
562 1411 721 1441 omnes
742 1399 1002 1441 voluntates
1031 1412 1136 1440 suas
1164 1397 1409 1445 faciendas,
1435 1398 1554 1439 XXX
1575 1396 1713 1439 libras
1736 1396 1905 1452 melgo-

330 1469 500 1512 rienses
519 1485 526 1518 ;
552 1470 650 1526 lego
671 1469 814 1513 eciam
836 1470 932 1512 sive
955 1470 1161 1526 relinquo
1190 1470 1320 1511 Petro
1342 1470 1396 1511 de
1420 1469 1585 1511 Sancta
1604 1467 1746 1510 Maria
1766 1481 1904 1524 super

330 1541 564 1584 nominato
579 1542 812 1597 quoddam
824 1541 1098 1597 planterium
1114 1554 1284 1593 meum,
1301 1541 1423 1596 quod
1441 1543 1509 1582 est
1526 1541 1648 1596 apud
1664 1539 1899 1588 (lavatam,

330 1615 374 1655 et
404 1613 715 1656 confrontatur
739 1626 797 1655 ex
826 1627 916 1656 una
942 1617 1070 1670 parte
1097 1626 1200 1655 cum
1229 1613 1363 1654 vinea
1395 1611 1566 1654 domini
1602 1611 1826 1667 episcopi,
1860 1614 1904 1653 et

331 1697 387 1726 ex
411 1684 499 1726 alia
525 1687 652 1740 parte
679 1698 781 1726 cum
810 1685 980 1727 honore
1003 1684 1121 1727 Petri
1142 1684 1356 1735 Veiruna,
1388 1686 1432 1725 et
1457 1696 1515 1725 ex
1542 1682 1629 1724 alia
1649 1685 1777 1738 parte
1797 1694 1901 1724 cum

330 1756 500 1798 honore
530 1756 679 1798 Poncii
708 1758 763 1799 de
793 1757 958 1799 Sancto
981 1757 1198 1798 Johanne.

349 1845 351 1847 ·
388 1827 551 1870 Omnia
588 1828 677 1870 alia
711 1829 833 1871 bona
870 1841 988 1875 meu,
1022 1827 1207 1869 mobilia
1233 1830 1277 1869 et
1301 1826 1574 1868 immobilia.
1617 1828 1909 1881 quecumque

330 1898 434 1947 sint,
455 1902 499 1942 et
514 1900 789 1956 ubicumque
806 1900 909 1949 sint,
930 1900 1001 1942 vel
1018 1899 1198 1948 fuerint,
1221 1898 1425 1954 relinquo
1444 1898 1675 1953 Stephano
1691 1900 1735 1939 et
1751 1897 1899 1945 Petro,

329 1970 436 2013 filiis
458 1971 587 2020 meis,
613 1972 741 2027 equis
762 1972 985 2028 partibus,
1010 1975 1055 2013 et
1082 1972 1204 2027 ipsos
1227 1970 1362 2012 michi
1385 1970 1575 2012 heredes
1596 1968 1800 2012 instituo.
1831 1968 1900 2016 Et,

331 2042 367 2084 si
394 2042 508 2085 alter
537 2043 733 2085 liliorum
762 2057 969 2086 meorum
998 2045 1235 2086 decederet
1269 2042 1364 2084 sine
1400 2042 1524 2097 prole
1550 2040 1767 2096 legitima,
1800 2039 1903 2082 volo

331 2116 375 2156 et
395 2116 562 2157 mando
599 2116 722 2170 quod
750 2118 845 2157 tota
872 2115 1099 2157 hereditas
1130 2115 1187 2156 ad
1215 2113 1506 2169 superstitem
1528 2114 1808 2160 revertatur;
1839 2113 1898 2159 et,

331 2185 365 2226 si
404 2186 539 2227 ambo
573 2187 842 2229 decederent
875 2188 1049 2242 absque
1084 2186 1206 2242 prole
1241 2184 1469 2239 legitima,
1512 2185 1567 2226 (le
1612 2182 1904 2225 matrimonio

330 2260 586 2312 procreata,
628 2258 755 2307 volo,
801 2259 968 2300 mando
1000 2261 1137 2313 atque
1172 2256 1368 2313 precipio
1402 2256 1523 2311 quod
1564 2256 1612 2297 P.
1651 2256 1705 2297 de
1741 2255 1906 2297 Sancta

330 2329 486 2377 Maria,
506 2329 696 2371 maritus
714 2343 857 2379 meus,
875 2330 1056 2377 habeat,
1078 2331 1227 2371 teneat
1248 2331 1384 2383 atque
1407 2326 1652 2383 possideat,
1679 2328 1772 2368 toto
1794 2328 1908 2368 tem-

332 2414 438 2455 pore
464 2400 551 2442 vile
579 2414 674 2451 sue,
706 2403 846 2443 totam
871 2401 1117 2456 predictam
1142 2400 1456 2454 hereditatem.
1481 2400 1526 2440 et
1554 2411 1713 2440 omues
1738 2397 1906 2439 fructus

331 2485 437 2513 suos
468 2471 622 2522 laciat3
653 2474 711 2521 et,
735 2476 840 2528 post
866 2476 1059 2514 mortem
1083 2471 1240 2527 ipsius.
1268 2474 1359 2513 tota¹
1387 2469 1613 2512 hereditas
1635 2469 1906 2525 Raynlundo

330 2542 513 2592 Audiui,
549 2544 781 2598 Stephano
809 2547 853 2586 et
879 2546 950 2592 G„
980 2543 1193 2586 fratribus
1224 2542 1349 2587 meis,
1383 2544 1427 2583 et
1454 2540 1547 2583 suis
1574 2540 1727 2583 liberis
1755 2552 1904 2582 rover-

332 2616 469 2656 tatur.

391 2684 656 2727 Gadiatores
693 2699 818 2727 meos
850 2686 964 2728 facio
999 2689 1042 2728 et
1071 2685 1318 2728 constituo.
1352 2684 1502 2740 quoad
1525 2683 1586 2739 (Ξ)
1607 2683 1755 2739 legata
1783 2694 1899 2731 mea,

332 2756 617 2812 capellanum
645 2757 828 2799 ecclesie
858 2758 1008 2800 Sancti
1044 2757 1261 2812 Stephani
1296 2757 1350 2798 de
1382 2756 1637 2803 Villanova‚
1675 2754 1905 2810 Raymun-

381 2924 431 2969 (1)
461 2924 586 2960 Cart.:
609 2924 837 2969 pietatibus.

382 2984 431 3029 (²2)
461 2984 586 3020 Cam:
614 2994 687 3029 quc
705 2983 769 3018 ml.
