2070 3486
772 328 823 333 ——
859 303 944 344 (579
978 329 1028 334 —

119 409 386 451 cognoscere
422 399 463 438 et
502 396 544 437 in
582 397 839 451 cognicione
878 399 1140 452 procedere.
1192 412 1334 453 usque
1373 399 1426 440 ad
1469 398 1677 440 determi-

119 460 353 509 nacionein
377 467 558 509 finalem
586 467 690 509 dicti
722 469 916 522 negor-ii:
951 457 991 510 in
1028 469 1345 511 [erinium-ione
1373 469 1476 510 dieti
1508 469 1676 522 negocii

120 551 279 580 omnes
308 541 396 581 tres
418 538 625 580 intersint
645 542 687 579 et
712 539 927 581 interesse
950 541 1164 582 debeant:
1674 549 1684 566 ⁴

183 608 498 651 Promittentes
525 608 640 650 dicte
669 612 844 663 partes,
885 611 1004 664 quod
1033 611 1245 665 quicquid
1274 611 1378 653 dicti
1407 614 1495 653 tres
1521 610 1676 652 arbitri

120 680 398 722 concorditer
418 680 549 721 simul
574 680 628 721 de
652 680 861 734 predictis
883 681 1196 735 questionibus
1223 682 1435 726 dixerint.
1468 682 1535 724 vel
1561 681 1679 723 ordi-

122 751 343 798 naverint,
372 750 469 806 jure
498 750 569 792 vel
597 764 766 793 amore.
798 751 869 792 vel
893 752 1239 806 composicione,
1263 757 1409 795 ratum
1431 757 1473 794 et
1495 753 1676 794 firmum

121 821 353 864 habebunt
378 821 714 877 imperpetuum
739 825 779 863 et
808 824 1115 865 observabunt
1136 839 1143 866 :

179 892 240 935 Eo
265 896 380 939 aeto,
411 894 549 948 quod,
581 892 617 934 si
643 893 758 935 alter
787 894 1009 936 dictorum
1041 895 1173 936 trium
1205 895 1477 937 arbitrorum
1506 896 1548 937 in
1578 909 1678 951 pro-

119 963 411 1007 nunciacione
437 963 711 1009 dissentiret,
743 965 936 1005 duorum
962 966 1277 1019 pwnnnciacio
1299 980 1388 1008 uon
1411 967 1593 1009 valeret.

181 1035 489 1078 Promiserunt
522 1035 662 1077 eciam
698 1036 882 1077 reddere
918 1036 1118 1090 pignora.
1153 1040 1194 1078 el
1226 1038 1376 1079 venire
1404 1038 1460 1079 ad
1488 1038 1606 1079 diem
1635 1040 1676 1079 et

119 1106 242 1155 dies,
285 1109 328 1148 et
364 1106 460 1148 loca
497 1120 575 1161 per
614 1119 660 1148 se
704 1106 771 1147 vel
811 1120 888 1161 per
922 1112 1257 1162 procui-abires,
1291 1109 1347 1150 ab
1385 1109 1494 1163 ipsis
1535 1109 1677 1150 tribus

119 1177 314 1226 arbitris,
339 1177 410 1219 vel
432 1191 458 1220 a
479 1178 658 1219 duobus
688 1177 746 1219 ab
774 1177 898 1232 ipsis,
925 1180 1172 1220 secundum
1199 1179 1388 1221 formam
1411 1180 1672 1235 predictam.

119 1247 416 1303 assignandas
434 1251 478 1291 et
500 1248 788 1303 assignanda.

178 1319 231 1362 Et
269 1319 351 1362 hec
382 1319 534 1361 omnia
571 1319 872 1374 promiserunt
911 1321 995 1362 sub
1031 1334 1147 1375 pena
1195 1321 1522 1376 quinquaginta
1563 1335 1678 1363 mar-

117 1391 303 1433 charum
330 1390 520 1446 argenti.
553 1391 745 1432 invicem
774 1391 987 1446 stipulata
1016 1395 1054 1433 el
1087 1392 1322 1446 promissa,
1355 1393 1678 1434 committenda

115 1476 141 1504 a
171 1465 295 1518 parte
322 1476 410 1518 que
440 1462 596 1504 ultime
627 1476 706 1504 seu
736 1462 859 1504 finali
888 1463 1196 1505 tei-minaeioni
1225 1464 1366 1505 tocius
1390 1464 1559 1519 negocii
1589 1478 1677 1505 non

118 1536 307 1589 pareret.
337 1533 463 1584 Quod
498 1533 533 1575 si
567 1534 907 1577 committentur
942 1535 999 1576 ab
1034 1535 1183 1590 aliqua
1216 1535 1434 1590 parcium.
1478 1536 1679 1578 solvetur

117 1604 232 1660 parti
266 1604 439 1660 parenti
479 1608 522 1647 et
555 1605 782 1647 obedienti
817 1619 841 1647 a
880 1609 1004 1660 parte
1033 1606 1338 1652 inobediente,
1377 1605 1677 1649 deffinicionis

116 1675 274 1718 ultime
314 1679 410 1718 rato
446 1679 656 1718 manente
695 1677 907 1720 arbitrio.
947 1680 990 1718 et
1024 1677 1236 1719 omnibus
1264 1680 1308 1719 et
1346 1677 1533 1732 singulis
1573 1681 1677 1720 tunc

117 1747 313 1790 recitatis
333 1747 379 1789 in
401 1761 482 1790 sua
512 1747 724 1790 firmitate
748 1748 1100 1790 remanentibus.

175 1818 228 1861 Et
253 1818 289 1861 si
318 1817 446 1862 forte.
477 1818 629 1874 aliqua
656 1819 726 1861 die
755 1819 823 1860 vel
853 1819 1081 1874 aliquibus
1109 1819 1284 1862 diebus.
1312 1820 1585 1874 assignanda
1607 1819 1678 1861 vel

115 1889 401 1945 assignandis
428 1903 454 1931 a
473 1889 610 1931 ‘dictis
638 1890 831 1932 arbitris.
863 1890 1015 1945 aliqua
1036 1891 1235 1946 parcium
1264 1904 1352 1932 non
1380 1893 1673 1945 compareret,

115 1962 237 2017 quod
270 1960 343 2003 illa
371 1974 474 2016 pars
501 1974 588 2016 que
621 1975 709 2003 non
727 1965 1023 2016 compareret,
1051 1962 1244 2003 solveret
1272 1961 1398 2004 alteri
1421 1962 1536 2017 parti
1558 1974 1679 2004 com-

116 2032 292 2088 parenti
308 2033 460 2075 decem
484 2033 689 2074 marchas
708 2033 896 2088 argenti.
917 2033 1095 2075 nomine
1119 2047 1232 2088 pene
1256 2047 1334 2075 seu
1353 2046 1673 2089 expensarum,

115 2103 202 2146 nisi
223 2104 409 2146 haberet
427 2104 603 2159 juxtam
628 2105 989 2149 excusacionem,
1015 2107 1056 2146 et
1085 2104 1146 2146 sie
1175 2118 1254 2159 pro
1282 2104 1470 2159 singulis
1498 2104 1672 2146 diebus.

174 2176 336 2218 Actum
357 2175 498 2217 eciam
524 2174 605 2217 tuit
621 2177 741 2230 quod
761 2189 945 2230 presens
962 2176 1341 2231 compromissum
1364 2176 1497 2218 debet
1515 2176 1677 2218 durare

114 2260 141 2289 a
168 2246 376 2302 proximo
405 2246 692 2288 venientibus
726 2247 930 2288 kalendis
959 2246 1112 2289 marcii
1141 2247 1184 2288 in
1219 2260 1359 2289 uuum
1382 2260 1550 2288 annum
1582 2249 1678 2288 tan-

115 2320 238 2365 tum;
268 2317 331 2360 ita
367 2320 516 2359 tamen
551 2318 672 2373 quod
713 2317 828 2359 dicte
870 2321 960 2360 tres
1003 2321 1152 2373 partes
1192 2318 1471 2360 concorditer
1505 2318 1678 2373 possint

113 2389 283 2432 dictum
306 2391 486 2444 tempus
507 2392 550 2430 et
574 2389 817 2431 terminum
841 2389 1170 2444 compromissi.
1197 2389 1313 2431 ultra
1334 2389 1503 2431 dictum
1526 2388 1678 2431 termi-

113 2473 246 2506 num,
280 2473 361 2516 pro
391 2460 621 2502 voluntate
651 2473 731 2502 sua
767 2460 1048 2514 prolongare,
1084 2460 1287 2515 partibus
1320 2459 1607 2515 presentibus
1633 2462 1678 2501 et

111 2531 392 2574 absentibus.

171 2603 331 2644 Actum
359 2601 500 2644 eciam
538 2601 621 2643 fuit
662 2602 778 2643 inter
809 2601 951 2643 dictas
980 2605 1144 2656 partes.
1182 2603 1303 2658 quod
1344 2603 1543 2658 quelibet
1572 2616 1674 2658 pars

111 2673 277 2715 habeat
297 2676 341 2715 et
362 2673 527 2731 habere
549 2673 683 2715 debet
705 2686 838 2714 suum
857 2673 1076 2714 arbitrum
1100 2673 1193 2715 suis
1216 2674 1408 2729 propriis
1436 2674 1671 2730 expensis:

113 2745 190 2786 sed
220 2744 382 2786 tercius
408 2744 576 2786 arbiter
604 2744 805 2785 intererit
827 2744 1145 2786 communibus
1167 2745 1380 2800 expensis
1402 2746 1611 2800 partium.

170 2814 331 2858 Omnia
354 2815 573 2870 premissa
596 2815 895 2869 promiserunt
920 2828 1098 2856 servare
1122 2818 1163 2857 et
1186 2816 1450 2871 adimplere,
1483 2820 1522 2857 et
1554 2816 1674 2857 nullo

109 2886 207 2942 jure
247 2886 316 2929 vel
352 2886 523 2928 ratione
559 2885 887 2932 contravenire,
927 2885 1169 2942 obligando
1206 2887 1416 2928 dominus
1446 2901 1523 2929 rex
1552 2901 1597 2929 se
1632 2890 1674 2929 et

109 2957 263 3000 omnia
304 2948 421 2999 bona
461 2971 569 2999 sua.
619 2961 660 2998 et
698 2957 910 2998 dominus
948 2957 1188 3012 episcopus
1226 2972 1272 2999 se
1309 2961 1349 3000 et
1378 2958 1530 3000 omnia
1559 2959 1673 3000 bona
