2070 3486
751 319 802 323 -
838 293 918 336 581
958 320 1009 324 -

103 385 250 449 (decb.
280 386 333 427 ll
355 388 487 438 vent.)
512 387 650 428 marie
685 386 753 435 (2').
800 389 1096 442 berengarius
1132 390 1185 430 de
1220 389 1387 444 Bojano
1414 389 1468 429 de
1495 388 1669 430 Centrai

104 456 244 511 (decb.
262 456 439 510 Saena)
462 459 514 499 de
540 460 703 507 Sancto
723 458 936 500 Mauricio
957 459 1096 506 (deest.
1122 461 1155 500 2
1175 466 1307 512 cent.)
1329 474 1407 500 ens
1424 459 1593 513 priores
1614 473 1670 500 ex

104 527 260 573 altera.
303 528 715 582 compromittimus
753 529 794 569 in
835 530 1069 571 «lominum
1110 531 1383 572 liernardum
1420 532 1473 571 de
1514 532 1668 571 (lasti-o

103 598 374 654 episcopali,
415 603 639 640 tenentem
679 600 825 641 lorum
866 601 1035 641 ‹Vlmnini
1070 602 1238 645 Jacobi,
1272 602 1347 642 Dei
1379 601 1519 656 gratia
1554 601 1668 654 regis

105 671 364 725 Aragonum
393 670 434 711 in
467 671 866 725 Montepessulano
889 675 929 713 et
954 671 1049 726 ejus
1073 673 1396 719 dominatione,
1420 675 1458 712 et
1487 673 1671 713 Bernar-

103 742 229 787 dum,
259 742 471 783 abbatem
507 742 656 783 Sancti
694 742 817 784 Pauli
857 743 1176 785 Narbonensis,
1219 747 1262 785 et
1296 744 1576 798 stephanum
1614 743 1668 784 de

103 811 311 858 conchis,
327 812 592 854 canonicum
607 812 963 854 Narbonensem.
985 814 1342 868 superomnibns
1357 814 1669 868 questionibus

103 882 372 938 etquerelis,
389 897 503 938 quas
522 883 743 924 habemus
762 884 815 924 ad
836 883 1025 925 iux-iveni
1046 898 1228 938 quoquo
1245 885 1393 926 modo.
1416 884 1482 925 vel
1506 884 1668 926 babere

103 967 364 1010 possumus,
406 968 549 1009 usque
585 955 639 995 ad
670 958 923 1010 presentem
954 955 1098 998 diem.
1136 956 1443 1010 exprimendis
1479 970 1558 1010 per
1588 968 1668 996 nos

87 1019 254 1068 'coram
283 1025 347 1067 eis
377 1025 493 1067 infra
512 1026 591 1067 XV
612 1025 708 1067 dies
730 1029 832 1080 post
854 1026 1184 1067 roborationem
1209 1027 1311 1067 dieti
1337 1026 1665 1081 cmnpromissi,

104 1100 148 1139 et
176 1110 313 1152 super
343 1096 430 1139 alia
459 1110 547 1152 que
581 1096 625 1138 in
662 1097 760 1152 ipsa
796 1097 992 1139 Ecclesia
1013 1098 1081 1138 vel
1111 1111 1191 1151 pro
1220 1098 1313 1152 ipsa
1339 1097 1531 1139 viderint
1554 1098 1670 1139 ordi—

104 1169 278 1216 nanda,
316 1168 476 1210 dantes
512 1168 681 1210 eisdem
714 1167 965 1223 plenariam
1004 1171 1290 1223 potestatem,
1322 1172 1367 1210 ut
1408 1169 1669 1223 questiones

104 1238 242 1295 ipsas,
267 1238 401 1281 simul
435 1239 506 1280 vel
541 1239 800 1293 separatim,
831 1238 1008 1294 possint
1037 1239 1301 1282 terminare.
1333 1239 1569 1294 disponere
1598 1239 1668 1281 vel

103 1310 312 1353 ordinare
339 1311 394 1352 de
423 1310 532 1366 ipsis
563 1310 676 1366 juris
702 1324 872 1357 amore,
903 1310 1136 1353 voluntate
1174 1325 1252 1353 seu
1286 1311 1511 1353 amicabili
1550 1324 1669 1352 com-

106 1381 344 1438 positione,
371 1385 415 1424 et
441 1382 527 1423 alia
556 1381 783 1423 ordinaria
811 1395 896 1436 que
926 1381 989 1423 cis
1012 1382 1108 1423 visa
1135 1381 1317 1423 fuerunt
1344 1382 1570 1436 expedire.

163 1453 216 1495 Et
242 1453 278 1495 si
307 1451 421 1506 forte
449 1453 535 1508 ipsi
559 1456 646 1495 tres
668 1453 911 1508 superbiis
940 1467 1029 1495 non
1059 1457 1240 1509 possent
1269 1453 1542 1495 unanimiter
1568 1466 1670 1494 con-

105 1523 274 1572 venire,
297 1523 354 1566 Sit
377 1526 538 1572 ratum,
565 1527 607 1565 et
631 1523 830 1571 firmum,
856 1527 898 1565 et
921 1524 1096 1570 stabile,
1122 1528 1165 1566 et
1184 1527 1448 1579 perpetuam
1468 1523 1669 1565 obtineat

106 1594 384 1641 firmitatem,
423 1596 543 1650 quod
573 1609 652 1650 per
677 1595 827 1651 ipsum
856 1596 1091 1637 dominum
1127 1596 1405 1637 Bernardum
1433 1596 1487 1636 de
1515 1596 1668 1636 Castro

106 1666 350 1722 episcopali
379 1670 423 1708 et
453 1666 646 1708 alterum
683 1667 987 1722 predictorum
1015 1667 1273 1709 ordinatum
1304 1666 1450 1714 fuerit,
1476 1679 1553 1707 seu
1583 1668 1671 1707 sta-

106 1741 270 1786 tutum,
295 1741 340 1780 et
361 1739 482 1794 quod
499 1739 582 1780 hoc
603 1739 899 1780 observemus
926 1741 969 1780 et
985 1752 1217 1793 nunquam
1235 1741 1388 1780 eontra
1409 1737 1667 1783 veniamus;

106 1808 325 1851 faciemus
362 1822 472 1857 nos,
498 1810 752 1865 episcopus,
783 1810 932 1865 jurare
962 1809 1004 1851 in
1037 1810 1237 1851 animam
1270 1812 1488 1852 nostram,
1521 1811 1563 1850 et
1591 1820 1672 1849 nos

105 1880 180 1922 alii
210 1880 408 1923 universi
431 1883 475 1923 et
503 1880 668 1936 singuli
691 1880 977 1923 firmabimus
999 1881 1180 1936 proprio
1203 1880 1473 1936 juramento,
1500 1883 1543 1921 et
1564 1878 1670 1920 fide-

105 1951 305 2007 jussores
332 1966 383 1994 ac
409 1952 600 2008 pignora
628 1952 854 2000 dabimus,
880 1953 1260 2008 quandocumque
1288 1951 1507 1993 fuerimus
1527 1950 1671 2005 requi-

105 2022 203 2070 siti,
233 2024 531 2066 ducentarum
559 2023 844 2065 marcharum
873 2023 1062 2078 argenti,
1088 2023 1344 2078 supradicto
1366 2022 1549 2064 domino
1571 2022 1673 2062 Ber-

105 2095 246 2137 nardo
279 2095 333 2137 de
368 2094 524 2137 Castro
551 2094 795 2150 episcopali
822 2100 865 2137 et
891 2095 1023 2137 sociis
1051 2095 1168 2150 ejus.
1207 2095 1449 2150 prestanda
1485 2107 1509 2135 a
1548 2096 1670 2148 parte

106 2165 427 2209 inhobediente
448 2166 564 2222 parti
586 2166 696 2222 ipsis
718 2167 993 2210 hohedienti.
1019 2166 1152 2210 dicto,
1184 2166 1255 2208 vel
1283 2168 1466 2212 statuto,
1499 2178 1577 2206 seu
1605 2177 1675 2205 or-

106 2237 336 2280 dinatione
369 2251 526 2280 eorum
553 2241 648 2280 rata
676 2238 996 2280 nichilominus
1014 2240 1335 2293 permanente;
1366 2250 1453 2292 que
1485 2249 1598 2291 pena
1630 2235 1673 2276 in

108 2308 321 2351 omnibus
348 2311 393 2350 et
419 2308 607 2364 singulis
634 2309 843 2364 capitulis
869 2308 1122 2353 comitatur.

105 2427 145 2462 2⁰
165 2437 286 2475 parce
309 2437 387 2474 que
409 2438 515 2463 nous
537 2427 713 2463 11'avons
734 2438 810 2474 pas
836 2426 962 2462 voulu
983 2426 1211 2462 deteriorer
1230 2425 1266 2461 le
1288 2426 1530 2462 Can-tumim.
1562 2424 1674 2459 Nous

107 2498 256 2530 avom,
279 2497 328 2523 en
351 2485 462 2529 estet,
483 2487 672 2523 constate
691 2497 769 2534 que
791 2486 850 2522 les
874 2486 1029 2533 parties
1052 2485 1241 2522 illisibles
1261 2485 1313 2520 dn
1337 2484 1564 2521 (jai-lallare
1583 2493 1677 2529 pro-

109 2546 309 2583 viennent
330 2545 379 2582 de
398 2545 648 2582 l'humidite:
682 2546 718 2581 le
742 2546 889 2582 reat-til·
909 2556 960 2581 ne
984 2545 1057 2582 fait
1078 2556 1156 2592 que
1179 2543 1380 2591 1·e11›andre
1403 2542 1549 2578 l‘enere
1571 2542 1674 2577 ‹lans

108 2605 169 2642 les
186 2605 314 2642 fibres
332 2605 387 2641 du
408 2605 663 2653 parchemin,
685 2605 938 2641 deteriorant
961 2605 994 2641 lc
1019 2611 1130 2640 recto
1153 2615 1204 2639 ou
1226 2604 1260 2639 10
1288 2614 1422 2644 verso,
1445 2602 1610 2637 suivant
1638 2600 1672 2636 le

109 2674 193 2707 cas,
216 2668 257 2700 et
275 2663 451 2700 rendant
472 2663 638 2700 illisible
660 2675 705 2700 ce
727 2664 796 2711 qui
819 2665 919 2700 etait
942 2664 1238 2711 parsaitement
1264 2661 1411 2698 lisible.

159 2724 272 2760 Pour
297 2722 444 2759 rendre
464 2722 615 2768 justice
646 2726 669 2759 a
696 2728 806 2766 tous,
833 2723 976 2759 dis-ons
999 2733 1077 2770 que
1109 2721 1335 2758 Messieurs
1364 2720 1422 2756 les
1452 2718 1674 2765 Employffl

109 2781 183 2818 des
203 2781 409 2818 Archives
431 2786 504 2818 ont
524 2783 718 2829 touj0urs
746 2784 810 2818 ete
843 2786 863 2818 a
896 2787 1015 2818 notre
1036 2780 1308 2829 disposition:
1342 2779 1378 2815 le
1412 2779 1565 2814 let-teni·
1594 2777 1678 2812 doit

110 2840 214 2877 donc
244 2840 488 2877 incriminer
522 2841 756 2877 seulement
785 2841 959 2877 l'auteur
980 2840 1052 2877 des
1070 2845 1190 2876 notes
1211 2838 1265 2875 du
1289 2838 1530 2876 Cartalam-1».
1565 2837 1677 2871 Nous

111 2899 363 2936 souhaitons
384 2911 463 2947 que
488 2900 668 2936 d'autres
691 2901 827 2936 soient
848 2900 940 2947 plus
970 2900 1154 2935 heureux
1175 2910 1254 2946 que
1277 2909 1394 2933 nous.
1427 2898 1535 2932 Pour
1560 2902 1675 2930 notre

111 2962 221 3007 part,
247 2970 352 2995 nous
371 2959 651 3007 emploierons
670 2962 755 2996 tres
775 2970 853 3006 peu
876 2960 934 2996 les
952 2959 1134 2996 reactit's.

235 3029 323 3062 Cart.
345 3031 386 3061 ae
405 3030 496 3071 May.
524 3047 556 3053 -
581 3031 616 3060 Τ.
644 3030 671 3060 ιι
1519 3025 1556 3055 37
