2070 3486
781 295 1011 336 -lssl—

178 392 287 434 Item
315 391 435 446 quod
465 389 743 432 incastellavi
771 389 981 431 ecclesias
1011 392 1052 430 ct
1080 387 1462 441 incastellatas(*l)
1485 386 1686 428 detineo:

178 463 288 504 Item
310 462 430 518 quod
453 460 655 502 indebita
678 459 881 515 pedagia,
916 460 982 501 vel
1007 460 1233 514 guidagia,
1265 458 1425 512 colligo
1450 458 1516 499 vel
1542 456 1690 512 colligi

122 532 260 579 lacio;
564 581 568 585 ι

183 604 291 646 Item
333 604 453 658 quod
495 602 951 657 Carpentoratenscm
997 601 1259 656 episcopum
1299 615 1325 641 a
1367 600 1546 655 propria
1585 600 1689 640 sede

126 674 276 730 depuli
299 689 307 721 ;

186 746 296 788 Item
323 745 444 800 quod
465 746 520 786 de
548 743 856 785 interlectione
881 746 1033 785 sancte
1057 741 1271 784 memorie
1298 742 1411 783 l'etri
1439 742 1493 782 ‹lc
1516 743 1691 782 (lastro-

126 830 245 859 novo
273 818 510 871 suspectus
532 815 792 868 habeorffl).
817 827 897 869 pro
920 828 972 855 eo
996 813 1193 855 maxime
1217 814 1336 867 qnod
1361 812 1691 854 interfectorem

127 887 269 944 ipsius
295 887 339 928 in
369 900 533 941 magna
561 885 866 927 familiaritate
896 885 1039 940 recepi
1066 884 1156 937 (3):

187 959 297 1001 Item
325 959 447 1013 quod
475 957 803 999 Vasionensem
831 956 1094 1012 episcopum
1118 958 1158 997 el
1182 955 1366 997 clericos
1388 954 1483 1009 ejus
1512 954 1624 1009 cepi.
1652 957 1691 995 et

125 1029 222 1086 capi
246 1029 344 1077 feci,
375 1032 419 1071 et
442 1029 658 1084 palatium
678 1028 882 1083 ejusdcm
907 1027 1105 1083 episcopi
1129 1030 1172 1069 et
1194 1027 1354 1067 domos
1373 1025 1693 1067 canonicorum

126 1100 347 1149 destruxi,
372 1103 416 1142 et
437 1103 634 1142 castrum
659 1099 936 1141 Vasionense
967 1113 1045 1154 per
1069 1098 1335 1139 violenciam
1358 1096 1523 1139 abstuli
1547 1112 1554 1138 2

188 1173 298 1214 Item
325 1172 447 1227 quod
476 1171 520 1212 in
548 1170 780 1223 religiosas
803 1184 1019 1225 personas
1040 1183 1202 1211 manns
1226 1168 1447 1209 violentas
1469 1167 1690 1222 injecisse.

129 1247 173 1287 et
199 1243 405 1286 incendia
427 1246 472 1284 et
498 1242 664 1284 multas
688 1242 868 1297 rapinas
896 1241 1018 1283 dicor
1045 1240 1300 1283 comisisse:

190 1316 334 1370 Super
371 1313 482 1361 liiis,
521 1317 564 1355 et
599 1313 834 1355 salvariis.
864 1316 907 1355 et
941 1326 1076 1367 super
1111 1312 1239 1359 aliis,
1271 1311 1307 1353 si
1335 1324 1421 1366 qua
1453 1312 1697 1365 [nituerunt

131 1385 351 1433 inveniri,
396 1385 440 1426 in
482 1384 679 1440 predicto
709 1385 843 1426 modo
881 1383 1057 1439 juravi,
1105 1387 1149 1426 ct
1184 1383 1297 1425 alios
1324 1382 1471 1437 jurare
1508 1381 1614 1423 leci.
1656 1384 1696 1422 vi

130 1461 304 1513 septem
326 1459 576 1499 castrorum
601 1455 762 1498 [radidi
785 1455 1017 1497 cautiones
1040 1468 1235 1510 qnorum
1256 1453 1439 1495 nomina
1461 1456 1564 1494 sunt
1586 1453 1666 1494 liec
1687 1467 1693 1492 ;

129 1528 315 1575 Furche‚
341 1527 509 1583 Opeda,
536 1527 704 1569 Balme.
731 1527 1026 1578 ltocamaura,
1050 1529 1250 1568 castrum
1272 1524 1501 1566 Mornacii.
1528 1523 1695 1578 Fanjan

130 1600 175 1642 in
204 1598 484 1654 Argentaria.
516 1598 902 1640 Monst'errandus.
946 1598 993 1639 si
1022 1601 1174 1639 autem
1203 1610 1255 1639 ea
1283 1610 1369 1657 que
1399 1596 1511 1637 circa
1541 1608 1699 1650 supra-

131 1671 250 1714 dicta
274 1670 469 1726 capitula
507 1673 550 1712 et
576 1670 663 1711 alia
697 1669 893 1725 injuncta
924 1669 1056 1711 michi
1093 1669 1298 1711 fuerunt,
1344 1667 1387 1709 in
1428 1669 1696 1723 perpetuum

132 1744 252 1786 bona
279 1743 367 1785 fide
396 1756 485 1784 non
513 1755 776 1789 servavero,
822 1741 923 1783 volo
952 1744 995 1783 et
1025 1742 1221 1783 concedo
1252 1740 1373 1795 quod
1402 1739 1477 1780 vll
1500 1737 1699 1793 predicta

133 1817 279 1858 castra
311 1815 471 1856 cadant
507 1813 551 1855 in
591 1813 886 1855 commissum
924 1813 1125 1855 Romane
1152 1811 1372 1854 Ecclesie,
1404 1813 1447 1851 et
1472 1810 1544 1865 jus
1578 1809 1700 1864 quod

134 1885 278 1928 habco
301 1885 344 1927 in
363 1885 578 1926 comitatu
601 1884 801 1939 Melgorii
824 1885 879 1926 ad
905 1885 1156 1926 Romanam
1174 1881 1416 1924 Ecclesiam
1437 1879 1697 1936 plenissime

136 1959 402 2000 revertatur.

196 2028 306 2071 Volo
337 2027 473 2070 etiam
506 2030 556 2069 ut
583 2041 777 2082 persona
807 2040 905 2069 mea
934 2026 1368 2072 excommunicetur,
1395 2027 1437 2066 et
1460 2027 1575 2065 terra
1599 2036 1701 2078 sup-

137 2102 332 2157 ponatur
358 2099 656 2141 ecclesiastico
679 2099 931 2146 interdicto,
956 2101 999 2141 et
1019 2098 1327 2153 conjuratores
1355 2095 1459 2143 mei,
1484 2099 1575 2137 tam
1599 2107 1703 2136 con-

137 2171 258 2214 sules
291 2184 429 2226 quam
462 2170 565 2217 alii,
600 2173 643 2212 et
670 2183 951 2212 successores
985 2183 1164 2217 eorum,
1205 2182 1231 2211 a
1265 2168 1497 2210 fidelitate.
1527 2166 1624 2222 jure
1652 2178 1703 2207 ac

138 2241 343 2289 servicio,
368 2242 534 2297 quibus
557 2241 688 2283 michi
715 2244 937 2285 tenentur.
964 2255 1020 2283 ex
1042 2241 1126 2283 hoc
1143 2240 1242 2296 ipso
1263 2238 1474 2281 absoluti.
1503 2239 1700 2280 Romane

138 2313 331 2357 Ecclesie
353 2326 434 2369 pro
455 2312 601 2355 feudis
617 2316 661 2355 et
677 2313 853 2368 juribus
870 2326 957 2368 que
976 2312 1122 2355 habeo
1144 2311 1189 2353 in
1211 2311 1342 2353 villis.
1364 2314 1407 2352 et
1424 2309 1699 2352 civitatibus.

139 2389 183 2428 et
208 2385 381 2432 eastris,
412 2385 467 2427 de
495 2384 661 2440 quihus
686 2387 816 2426 erant
845 2387 936 2426 tam
958 2384 1182 2426 consules.
1213 2395 1352 2438 quam
1380 2381 1454 2423 alii
1483 2381 1559 2436 qui
1586 2380 1706 2435 jura-

140 2459 304 2499 verunt
332 2455 612 2502 fidelitatem,
647 2455 789 2497 Iacere
813 2458 1053 2497 teneantur
1071 2454 1238 2510 pariter
1259 2457 1301 2495 et
1323 2453 1514 2495 servire:

200 2528 309 2571 Item
339 2527 424 2570 sub
452 2528 611 2569 eodem
632 2527 888 2582 juramento
916 2529 959 2569 et
987 2527 1144 2568 eadem
1174 2539 1291 2581 pena
1318 2526 1480 2566 stratas
1504 2522 1706 2578 publicas

191 2793 239 2841 (1)
269 2794 393 2830 Cart.:
418 2790 705 2827 vicastellalas.

191 2852 239 2899 (2)
270 2853 396 2889 Cart.:
421 2851 570 2886 habete.

188 2914 238 2958 (3)
269 2910 472 2948 Raimond
494 2910 540 2945 Vl
570 2908 672 2944 offro
693 2906 742 2943 ‹le
765 2919 808 2943 se
825 2906 1008 2955 justifier
1024 2917 1096 2943 sur
1118 2906 1154 2943 le
1179 2905 1383 2954 principat
1404 2904 1531 2940 crime
1553 2913 1631 2950 que
1655 2900 1709 2937 lui

146 2970 385 3021 1·eprochait
408 2971 607 3006 Innocent
628 2970 691 3004 111.

271 3043 360 3076 Cart.
382 3041 423 3074 de
443 3040 537 3083 May.
559 3058 597 3064 —
618 3041 654 3071 T.
677 3039 705 3070 11
1571 3033 1585 3063 'k
