2070 3486
1033 278 1291 321 -0262—

381 375 765 429 comprobandam
801 374 1016 429 produxit
1045 374 1165 416 idem
1192 376 1333 416 abbas
1367 374 1495 429 plura
1527 373 1615 415 alia
1642 373 1942 417 instrumenta

381 446 583 500 ejusdem
623 446 737 500 l’ape
765 448 809 487 et
843 445 1023 487 Urbani.
1060 446 1323 487 Pontificum
1357 447 1677 487 Romanorum.
1711 445 1940 500 inquibus

385 530 539 558 revera
567 516 737 571 liquido
765 516 960 558 varietas
981 518 1244 572 apparebat.

441 589 548 629 ltem
579 588 880 642 respondebat
908 588 1133 642 predictus
1167 588 1309 629 abbas
1340 588 1475 629 verba
1507 587 1621 628 dicte
1652 590 1770 629 earte
1807 601 1942 641 gene-

379 660 486 701 ralia
515 674 628 705 esse,
662 659 756 700 sive
795 659 1055 702 indefinita:
1090 660 1205 700 unde
1242 673 1329 700 non
1360 659 1503 699 solum
1540 658 1651 699 alios
1685 659 1937 714 episcopos.

379 732 467 772 imo
496 731 629 772 eliam
654 731 1020 783 Nlagalonensen]
1040 731 1302 785 episcopum
1319 730 1736 784 romprehendunt:
1768 744 1942 785 preser-

380 802 454 843 lim
492 816 591 843 rum
622 805 841 857 quantum
875 803 931 843 ad
962 802 1074 843 alios
1109 802 1343 856 01)is‹·opos
1379 801 1510 842 nirllil
1548 801 1614 842 vel
1651 815 1808 856 parum
1843 815 1942 856 pro-

377 875 587 915 dessent:
631 877 675 915 et
717 874 1003 929 privilegium
1046 874 1105 915 sir
1145 874 1534 928 interpret-auidum
1574 875 1641 914 est
1680 876 1728 914 ut
1771 873 1939 927 aliquid

380 948 602 1000 operetur.

439 1017 503 1057 ,td
537 1016 747 1058 ultimum
778 1017 1078 1071 responde-bat
1100 1015 1441 1071 prenominatus
1469 1016 1626 1058 abbas,
1662 1016 1780 1070 quod
1806 1015 1943 1070 privi-

376 1087 542 1143 legium
567 1087 676 1129 illud
699 1087 755 1129 sit
782 1088 922 1134 reale,
954 1091 997 1129 et
1020 1087 1199 1129 abbatie
1227 1090 1270 1128 et
1291 1086 1461 1128 eunrtis
1482 1086 1726 1127 abbatibus
1749 1085 1824 1143 [in]
1846 1100 1943 1129 sue-

376 1159 577 1202 cessione
605 1159 709 1201 dieti
738 1159 998 1201 monasterii
1032 1172 1322 1200 eoncessum:
1364 1158 1466 1199 bino
1497 1158 1565 1198 vel
1595 1158 1709 1200 trino
1737 1161 1838 1200 aetu
1864 1161 1944 1201 aut

375 1230 580 1285 pluribus
608 1231 947 1285 preil12=eess‹5›1¹es
964 1230 1030 1271 sni
1053 1230 1152 1276 sibi.
1181 1230 1375 1284 presenti
1399 1229 1568 1278 abbati,
1594 1233 1638 1272 et
1663 1229 1763 1271 aliis
1785 1243 1941 1272 eorum

376 1302 727 1350 suecessoribus,
754 1315 842 1343 non
871 1304 1116 1356 potuerunt
1148 1301 1330 1356 aliquod
1367 1301 1662 1355 prejudicium
1696 1314 1938 1355 generare:

379 1373 630 1428 presertim,
662 1387 764 1415 eum
792 1372 1123 1415 conveniebant
1143 1373 1196 1414 ad
1226 1372 1586 1425 Nlagalonensem
1610 1373 1852 1428 synodum,
1885 1386 1941 1415 ex

378 1445 521 1498 gralia
545 1459 633 1486 non
661 1458 718 1486 ex
740 1444 891 1486 debito
914 1444 1170 1486 veniebant.

441 1516 532 1558 lliis
554 1519 599 1557 et
627 1515 830 1570 pluribus
857 1515 957 1556 aliis
984 1516 1041 1557 ab
1068 1518 1258 1569 utraque
1289 1517 1412 1570 parte
1452 1515 1719 1570 propositis,
1754 1518 1942 1571 utraque

378 1601 481 1642 pars
508 1587 702 1629 variavit
729 1587 945 1642 judicium
973 1586 1244 1635 conclusive,
1271 1589 1313 1627 et
1342 1586 1754 1628 renuneiaveruunt
1779 1587 1942 1641 allega-

379 1659 576 1701 tionibus
611 1658 712 1700 faeti
749 1661 794 1699 et
827 1658 954 1713 juris.
996 1659 1195 1699 Tandem
1232 1657 1476 1712 supradieti
1503 1658 1659 1699 arbitri
1696 1658 1941 1713 predictam

376 1731 661 1786 questionem
690 1730 734 1771 in
766 1731 952 1772 modum
984 1729 1320 1786 infrascriptum
1352 1729 1643 1772 diffinitivam
1665 1730 1940 1773 sententiam

382 1802 694 1845 terminarunt.

439 1947 548 1989 Cum
585 1947 719 1989 niehil
750 1947 794 1989 in
826 1946 1002 2002 judie-iis
1035 1946 1181 1988 locum
1216 1947 1379 1988 babere
1417 1947 1594 1988 debeat.
1629 1946 1711 1988 nisi
1744 1946 1937 2002 justicia,

382 2033 438 2061 ex
479 2032 568 2073 qua
608 2018 785 2073 prodire
825 2018 959 2059 debet
997 2017 1173 2072 gladius
1216 2018 1490 2063 bisaceutus,
1529 2021 1579 2059 ut
1615 2032 1670 2060 ex
1698 2032 1790 2060 una
1815 2021 1941 2074 parte

379 2092 682 2145 ccmdempnet
708 2102 844 2145 quem
881 2089 1143 2143 cognoverit
1171 2090 1616 2144 eondempnamlum,
1645 2093 1689 2132 et
1713 2103 1770 2132 ex
1801 2090 1942 2132 altera

381 2166 503 2217 parte
538 2162 745 2203 absolvat
783 2175 918 2217 quem
953 2161 1213 2214 cognoverit
1239 2161 1594 2208 absol·ve11du111;
1629 2161 1752 2209 visis,
1790 2164 1834 2204 et
1863 2175 1942 2204 au-

377 2235 502 2281 ditis,
535 2237 575 2275 et
600 2233 823 2275 subtiliter
854 2232 1093 2287 indagatis,
1129 2235 1172 2274 et
1199 2232 1438 2286 diligenter
1468 2233 1669 2287 pensatis
1692 2233 1940 2275 rationibus

377 2309 419 2348 et
441 2304 769 2360 allegationibis
791 2307 835 2346 et
856 2304 1014 2345 eeteris
1033 2317 1119 2358 que
1146 2304 1202 2345 ab
1220 2306 1409 2358 utraque
1434 2307 1557 2359 parte
1584 2305 1816 2359 proposita
1836 2307 1942 2347 sunt

379 2377 446 2418 vel
470 2377 685 2430 allegata:
718 2375 827 2417 visis
853 2375 994 2417 eciam
1023 2374 1405 2422 attestationibus,
1430 2375 1753 2429 positionibus,
1785 2378 1830 2418 et
1851 2389 1940 2418 res-

380 2448 699 2503 ponsionibus.
732 2450 775 2489 et
814 2446 1127 2488 instmmenlis
1154 2447 1211 2488 ab
1239 2450 1427 2501 utraque
1461 2450 1586 2501 parte
1619 2447 1866 2502 productis,
1897 2451 1942 2490 et

379 2519 630 2574 specialiter
650 2532 701 2560 ae
720 2518 906 2561 sollicite
930 2518 1220 2573 perserutatis
1237 2520 1432 2572 quatuor
1448 2518 1760 2561 instrumentis
1775 2532 1802 2561 a
1821 2518 1939 2561 dieto

378 2592 541 2632 abbate
569 2593 672 2632 ante
705 2589 976 2631 sententiam
1011 2589 1219 2630 ostensis.
1248 2603 1335 2644 que
1365 2603 1389 2631 a
1412 2589 1597 2631 domino
1620 2590 1790 2632 Pascali
1820 2590 1941 2645 Papa

378 2662 574 2703 secundo
608 2662 818 2703 dicuntur
845 2674 1106 2705 emanasse,
1139 2674 1225 2715 que
1254 2660 1370 2702 inter
1403 2674 1449 2702 se
1477 2660 1522 2702 in
1551 2660 1685 2702 bullis
1713 2664 1755 2703 et
1784 2660 1940 2703 formis

374 2734 503 2787 longe
541 2733 725 2775 dissona
762 2735 891 2779 sunt,
928 2731 1152 2773 contraria
1185 2735 1229 2773 et
1261 2732 1461 2774 diversa.
1495 2732 1648 2774 habita
1677 2732 1940 2787 plenissima

371 2805 709 2852 deliberatione,
746 2803 899 2845 habito
928 2803 1062 2845 etiam
1093 2803 1291 2858 plurium
1320 2803 1521 2845 virorum
1552 2803 1595 2845 in
1625 2806 1816 2859 utroque
1841 2804 1938 2860 jure

377 2877 623 2932 peritorum
647 2875 835 2917 consilio
863 2891 869 2916 :

429 2948 541 2999 Quia,
585 2947 859 2989 efficaciores
903 2947 1199 3002 eognovimus
1247 2947 1417 2989 domini
1465 2947 1664 3002 episcopi
1707 2947 1931 2996 rationes,
