2070 3486
765 284 1026 326 -611—

118 383 224 422 sunt
243 379 453 432 contigua
477 379 624 433 patuis
643 379 848 433 proxime
870 379 1026 428 di‹·tis;
1058 382 1095 419 et
1119 382 1218 419 sunt
1250 381 1287 419 et
1313 378 1669 419 ronl'rfflitanlnr.

116 451 230 492 sicut
270 453 478 491 movetur
503 450 561 508 de·
597 449 726 490 dictis
764 449 953 503 podiolis
994 449 1068 489 ‹lcl
1107 449 1296 491 Sim-iis.
1340 452 1378 489 et
1418 447 1676 489 ··xt‹=ndin11·

117 534 260 576 usque
282 520 325 562 in
348 521 575 562 caminum
600 520 826 574 publicani
853 522 906 561 de
930 520 1131 565 watenis,
1158 519 1230 561 ubi
1252 519 1434 574 qnidain
1460 518 1676 559 terminus

117 592 322 648 lapideus
349 594 418 633 est
458 591 695 645 impositus
730 594 775 632 et
803 591 1074 645 impressus,
1116 594 1246 645 prout
1287 593 1349 631 est
1388 590 1674 631 terminatum

119 662 322 705 terminis
339 661 528 717 lapideis
545 662 605 702 ibi
626 661 781 716 positis
799 665 842 703 et
864 661 1109 716 impressis,
1132 664 1176 702 et
1196 661 1330 702 etiam
1357 660 1468 701 bolis
1492 659 1677 715 lapideis

61 779 64 783 ,
120 733 450 788 consignatum.

176 806 317 846 Patua
339 816 446 845 vero
473 816 560 858 que
589 806 693 844 sunt
721 804 774 843 de
799 803 1116 857 pertininiento
1147 802 1289 843 inansi
1322 803 1375 843 de
1403 801 1674 847 Cadeneriis,

120 877 285 918 suntet
304 873 646 917 controntantur
663 874 772 915 sicut
800 875 1076 916 111‹-›x·‹=t11=·‹l«·
1097 873 1259 914 vallato
1277 874 1330 914 de
1355 873 1490 913 l'odio
1510 873 1675 924 Longo,

121 949 165 988 et
185 945 445 988 extenditur
466 958 610 999 usque
635 944 676 985 in
713 945 829 985 viani
853 958 941 999 qua
966 945 1053 985 itur
1080 945 1132 985 de
1162 946 1325 984 Sancto
1348 943 1501 996 Epidio
1526 956 1681 982 versus

121 1016 377 1064 Bastidam‚
408 1029 553 1070 usque
582 1016 624 1056 in
656 1015 912 1056 terniiniuni
944 1016 1099 1069 Campi
1131 1014 1339 1057 ltotnndi,
1373 1020 1499 1068 prout
1533 1012 1680 1054 lerini-

121 1075 277 1130 uatuni
318 1079 389 1129 est
427 1086 629 1128 terminis
669 1086 857 1141 lapideis
888 1086 945 1126 ibi
971 1085 1127 1140 positis
1155 1088 1195 1125 et
1226 1084 1470 1139 impressis.
1504 1088 1543 1124 et
1570 1083 1681 1124 bolis

120 1158 309 1214 lapideis
335 1157 649 1212 consignatum
673 1173 680 1204 ;
712 1160 753 1199 et
776 1157 911 1199 etiam
936 1156 1049 1197 sicut
1076 1155 1334 1197 extenditur
1359 1159 1400 1196 et
1429 1154 1684 1196 ascenditur

121 1229 412 1284 determinio
440 1228 617 1284 lapideo
646 1229 687 1269 in
719 1228 834 1269 dicta
867 1228 937 1269 via
975 1228 1194 1281 impresso
1238 1240 1378 1280 nsque
1418 1226 1471 1266 ad
1513 1225 1683 1266 'l'urris—

123 1301 297 1348 sellam,
323 1303 458 1355 prout
478 1303 546 1341 est
568 1299 860 1341 terminatum
885 1302 927 1340 et
948 1298 1261 1353 consignatum
1287 1296 1487 1338 tei-minis
1509 1300 1546 1337 et
1574 1296 1685 1336 bolis

124 1371 312 1427 lapideis
341 1371 401 1413 ibi
430 1370 589 1426 positis
618 1373 659 1412 et
689 1369 937 1425 impressis
973 1372 1083 1410 sunt
1115 1368 1247 1409 eliani
1279 1371 1321 1409 et
1348 1367 1688 1408 ronlrontanlui·

122 1456 180 1486 ex
200 1446 326 1498 parte
349 1442 585 1498 superiori,
617 1442 730 1484 sieut
752 1444 959 1484 movetur
983 1442 1036 1481 de
1059 1440 1175 1481 dicta
1197 1439 1452 1488 Tui-issella,
1478 1442 1519 1479 et
1541 1437 1686 1478 extin-

122 1514 244 1557 ditur
265 1527 408 1569 usque
429 1513 473 1554 in
494 1512 721 1555 caminum
747 1512 976 1567 publicum
1000 1525 1089 1566 quo
1114 1511 1200 1552 itur
1224 1511 1278 1551 de
1302 1512 1464 1551 Sancto
1482 1509 1684 1549 Joliaiinc

124 1586 180 1628 de
206 1584 398 1627 Cocullis
419 1585 541 1640 apud
568 1583 1063 1638 Monteinpessulanuin
1087 1597 1094 1629 ;
1128 1581 1169 1622 in
1194 1594 1283 1636 quo
1305 1580 1485 1635 quidein
1509 1578 1685 1620 caniino

124 1656 310 1712 quidam
326 1655 546 1698 terminus
569 1655 774 1710 lapideus
790 1657 857 1696 est
874 1654 1138 1708 impressus,
1161 1654 1292 1707 prout
1312 1654 1379 1693 est
1396 1650 1683 1692 terminatum

127 1726 330 1770 terminis
363 1729 408 1769 et
439 1726 554 1769 bolis
588 1726 776 1782 lapideis
810 1725 870 1767 ibi
906 1724 1063 1780 positis
1097 1727 1141 1765 et
1176 1722 1435 1777 impressis,
1474 1725 1515 1762 et
1546 1720 1686 1762 consi-

125 1801 327 1854 gnatum.
370 1798 478 1840 Item
516 1801 621 1840 sunt
654 1801 697 1839 et
733 1796 1075 1839 confrontantur
1102 1795 1212 1836 sicut
1252 1796 1459 1835 movetur
1485 1794 1539 1834 de
1573 1791 1689 1833 dicto

127 1869 350 1918 terminio,
381 1869 426 1911 in
455 1869 573 1911 dicto
599 1868 776 1911 camino
812 1868 1060 1923 impresso,
1093 1869 1136 1908 et
1169 1864 1428 1907 extenditur
1461 1862 1688 1905 redeundo

126 1954 270 1997 usque
297 1941 342 1982 in
369 1940 539 1982 dictum
576 1940 844 1987 terminum,
878 1941 1013 1994 prout
1051 1940 1119 1979 est
1160 1936 1448 1979 terminatum
1490 1932 1690 1975 terminis

126 2012 316 2068 lapideis
343 2012 404 2054 ibi
430 2011 590 2068 positis
624 2015 668 2053 et
694 2010 949 2066 impressis,
981 2012 1025 2051 ct
1053 2009 1192 2050 eciani
1233 2007 1345 2049 bolis
1374 2005 1561 2060 lapideis
1588 2018 1691 2045 con-

128 2083 382 2139 signatum3
413 2097 469 2125 ex
496 2083 638 2125 altera
674 2096 779 2124 vero
815 2084 939 2137 parte
976 2083 1079 2122 sunt
1113 2082 1155 2121 et
1185 2078 1546 2122 confi-ontantnr‚
1579 2075 1691 2116 sicut

129 2157 338 2197 movetur
364 2155 418 2196 de
438 2154 556 2196 dicto
578 2154 785 2211 terminio
804 2156 847 2195 et
868 2151 1157 2194 descenditur
1173 2163 1314 2205 usque
1338 2149 1379 2190 in
1402 2148 1585 2191 Coniba,
1605 2160 1691 2201 que

129 2229 198 2269 est
234 2229 350 2268 retro
385 2226 572 2268 Podiunl
615 2211 834 2280 Longum,
883 2226 1014 2279 prout
1047 2225 1114 2263 est
1153 2221 1441 2263 terminatum
1492 2216 1693 2259 lerininis

129 2297 318 2353 lapideis
350 2297 412 2339 ibi
448 2297 604 2352 positis
626 2300 669 2338 et
691 2295 946 2351 impressis,
985 2297 1028 2336 et
1057 2294 1193 2335 etiam
1230 2291 1342 2333 bolis
1378 2289 1564 2345 lapideis
1592 2301 1694 2329 con-

132 2368 378 2424 signatum.

190 2439 359 2482 Horum
387 2439 591 2482 omnium
623 2442 758 2481 testes
793 2441 899 2480 sunt
934 2437 1159 2492 predictus
1187 2432 1482 2487 Berengarins
1510 2432 1564 2472 de
1591 2428 1694 2470 Val-

131 2511 255 2554 veria
282 2511 403 2566 prior
422 2511 607 2553 ecclesie
625 2511 680 2552 de
708 2509 1065 2552 Montelerrario.
1099 2507 1324 2562 predictus
1353 2503 1611 2557 stephanus
1640 2501 1693 2541 de

134 2582 290 2630 Maus,
327 2582 555 2637 predictus
584 2583 811 2624 Durantus
842 2582 896 2622 de
930 2579 1166 2625 Caii-oleto,
1198 2576 1403 2618 Julianus
1437 2576 1490 2615 de
1517 2573 1694 2614 Claren-

132 2653 270 2706 siaco,
299 2656 344 2696 et
370 2653 596 2709 predictus
627 2655 783 2696 Petrus
811 2653 864 2694 de
896 2652 1031 2692 l'onte
1061 2649 1274 2691 notarius.

194 2797 299 2839 Post
324 2797 427 2843 hec,
458 2797 617 2839 eodem
645 2810 765 2838 anno
793 2809 882 2850 quo
910 2807 1068 2848 snpra,
1102 2791 1262 2833 scilicet
1293 2791 1453 2844 quarto
1480 2786 1696 2828 kalendas

133 2868 427 2923 septembris,
455 2867 798 2923 prenmniimtus
836 2865 1067 2907 Maurinus
1103 2864 1155 2904 de
1184 2859 1496 2907 Coniliallolis,
1541 2855 1697 2897 rastel-

134 2938 321 2981 lanus...
351 2938 552 2987 accessit,
584 2952 685 2980 cum
715 2936 926 2992 predictis
949 2934 1146 2977 doniinis
1181 2935 1221 2974 et
1254 2930 1405 2986 probis
1439 2927 1697 2970 hominibus
