2070 3486
965 309 1017 312 —
1052 281 1137 323 646
1171 307 1224 311 —

312 383 406 438 jure
436 381 504 422 vel
534 380 725 421 racione.
751 392 837 433 que
865 377 947 418 diei
975 377 1043 417 vel
1082 376 1327 430 excogitari
1357 376 1527 431 possit,
1561 376 1876 418 renunciantes

315 454 437 495 omni
470 451 580 507 juris
622 449 861 491 auxilio...
912 462 991 503 per
1030 449 1150 502 quod
1195 461 1434 503 possemus
1479 450 1634 489 contra
1680 448 1877 502 predicta

315 524 467 565 venire
498 523 566 564 vel
589 524 741 562 contra
763 520 946 574 aliquod
974 520 1028 561 dc
1056 518 1282 574 predictis,

373 595 420 636 Et
442 595 494 635 ad
521 593 736 648 majorem
756 591 1058 646 predictorum
1079 589 1281 631 omnium
1307 591 1570 645 perpetuam
1593 589 1873 642 firmitatem,

316 668 567 721 presentem
592 666 760 705 cartam
784 662 1032 716 sigillorum
1066 664 1325 704 nostrornm
1346 661 1625 716 appensione
1658 661 1876 716 jussimus

316 736 513 778 roborari
528 771 534 776 .

372 809 481 849 Acta
510 809 614 848 sunt
650 806 731 847 1166
766 806 887 860 apud
927 805 1441 859 Montempessulanum,
1482 804 1526 846 in
1568 804 1795 860 presentia
1833 807 1878 847 et

316 878 571 921 testimonio
599 876 768 919 domini
800 878 845 917 13.
879 877 933 918 de
961 875 1248 923 Muroveteri,
1280 875 1495 931 prepositi
1524 875 1873 930 Magaloncnsis,

315 949 553 992 Raimundi
577 949 631 989 de
658 947 874 989 Viridario
897 947 1202 994 concanonici,
1231 947 1416 989 Duranti
1439 946 1669 1002 scriptoris
1691 949 1878 989 6111016-

317 1021 367 1062 rii
395 1020 499 1062 dicti
534 1019 703 1062 domini
736 1019 974 1074 prepositi,
1005 1021 1049 1060 ot
1077 1018 1163 1059 mei
1192 1018 1239 1059 B.
1272 1019 1326 1059 de
1355 1018 1540 1073 Margis,
1572 1018 1676 1060 dicti
1705 1017 1879 1060 domini

315 1092 512 1147 episcopi
548 1094 591 1133 et
626 1090 801 1132 comitis
836 1089 1000 1145 publici
1036 1089 1214 1135 notarii,
1256 1089 1348 1144 qui,
1382 1092 1564 1144 rogatus
1600 1103 1627 1131 a
1654 1089 1875 1145 partibus,

314 1163 400 1205 hiis
446 1162 658 1204 omnibus
691 1175 877 1217 presens
918 1161 1121 1209 interlui,
1165 1175 1231 1213 ac,
1277 1162 1489 1203 mandato
1531 1164 1576 1203 et
1613 1160 1878 1203 auctoritate

314 1234 513 1289 ipsarum
544 1233 761 1289 partium,
795 1233 878 1275 1166
905 1232 949 1274 111
976 1232 1204 1288 publicam
1236 1232 1425 1274 formam
1456 1232 1678 1286 redigens,
1702 1231 1875 1287 scripsi,

314 1319 365 1347 ac
392 1305 527 1347 etiam
556 1304 747 1360 apposui
776 1305 955 1359 signum
984 1317 1152 1346 meum.

377 1449 480 1489 Post
506 1448 607 1495 hec,
649 1460 768 1489 anno
790 1446 1021 1488 Dominice
1048 1446 1379 1489 Incarnacionis
1407 1445 1648 1489 millesimo
1670 1447 1881 1489 (1666616-

315 1519 429 1561 simo
469 1518 815 1574 quadragesimo
856 1521 1037 1565 octavo,
1082 1517 1290 1560 videlicet
1321 1518 1428 1559 ΙΙΙΙῙΟ
1465 1531 1610 1559 nonas
1648 1517 1876 1566 februarii,

314 1591 398 1632 hoc
421 1590 722 1631 instrumento
747 1589 941 1644 presenti
964 1592 1146 1631 ostenso
1177 1589 1221 1630 in
1256 1588 1452 1644 capitulo
1484 1588 1589 1631 (11611
1618 1588 1882 1631 monasterii

315 1662 587 1703 Francarum
605 1661 816 1707 Vallium,
837 1664 881 1702 et
901 1661 958 1702 ab
974 1661 1186 1702 omnihus
1211 1663 1363 1702 tenore
1380 1660 1618 1715 diligenter
1634 1660 1877 1713 intellecto,

252 1783 254 1785 ‚
313 1746 471 1774 omnes
499 1734 554 1775 (16
575 1732 791 1788 capitulo,
819 1732 985 1774 scilieet
1012 1732 1238 1774 Firminus
1272 1731 1408 1787 prior,
1436 1732 1484 1773 Β.
1510 1731 1740 1787 Capellani
1777 1731 1880 1774 suh-

313 1805 449 1859 prior,
488 1805 755 1846 (jluillehnus
791 1805 846 1846 de
883 1804 1082 1847 Marsilia
1114 1803 1393 1851 cellerarius,
1431 1805 1590 1845 Petrus
1631 1802 1881 1846 Andabarti

313 1876 569 1918 cellerarius
585 1876 747 1924 minor,
770 1877 997 1918 Deodatus
1020 1875 1261 1931 portarius,
1277 1875 1546 1917 Guillelmus
1562 1875 1618 1917 (16
1632 1874 1880 1917 Bellicadro

314 1947 606 1999 infirmarius,
629 1948 858 1990 ,Iohannes
880 1949 936 1990 (16
956 1947 1172 2001 Nlelgorio
1200 1949 1370 1995 cantor,
1397 1946 1448 1989 G.
1475 1948 1530 1989 de
1552 1946 1753 1989 Guibaeo
1777 1946 1883 1988 sub-

315 2022 483 2066 cantor,
520 2019 760 2061 Arnaudus
792 2018 1082 2067 camerarius,
1115 2018 1373 2060 Guiraudus
1407 2017 1622 2066 Marinus,
1647 2018 1699 2059 G.
1726 2017 1878 2068 Primi,

316 2091 361 2131 P.
390 2090 619 2139 Fotcaudi,
646 2090 892 2141 Michaelis,
918 2091 964 2131 P.
988 2090 1199 2137 Ramerii,
1233 2090 1442 2138 Jacobus,
1484 2089 1644 2132 fratres
1672 2087 1882 2131 monachi

315 2161 516 2216 ejusdem
541 2162 819 2209 monasterii,
845 2164 900 2204 ad
924 2161 1193 2217 peticionem
1223 2164 1266 2203 et
1287 2162 1555 2203 mandatum
1583 2160 1690 2203 dicti
1709 2159 1882 2202 domini

314 2233 507 2283 abbatis,
542 2233 694 2275 omnia
722 2233 930 2289 superius
962 2234 1128 2289 scripta
1149 2233 1475 2281 laudaverunt,
1512 2232 1883 2288 approbaverunt

317 2306 360 2345 et
381 2304 781 2356 confirmaverunt,
813 2308 961 2347 ratum
984 2306 1203 2347 habentes
1225 2308 1269 2347 et
1290 2304 1474 2346 firmum
1497 2303 1718 2360 quidquid
1746 2315 1883 2359 super

317 2375 528 2430 predictis
556 2390 635 2431 per
667 2376 834 2418 dictum
874 2378 1087 2419 abbatem
1120 2376 1287 2418 factum
1316 2379 1398 2429 est,
1428 2389 1479 2418 ac
1517 2375 1555 2417 si
1580 2388 1683 2417 cum
1710 2373 1881 2417 eisdem

316 2447 613 2500 personaliter
656 2451 776 2490 esset
815 2451 993 2497 actum;
1036 2448 1240 2490 volentes
1276 2448 1463 2503 insuper
1501 2450 1544 2490 61
1583 2445 1882 2502 precipientes

317 2517 530 2572 quatinus
565 2532 664 2560 cum
701 2519 870 2561 dictum
911 2519 1159 2574 capitulum
1189 2519 1311 2567 aliud
1355 2518 1552 2574 sigillum
1580 2531 1671 2560 non
1698 2517 1880 2569 habeat,

316 2588 412 2643 ipse
440 2590 651 2631 dominus
678 2591 819 2633 abbas
849 2591 981 2645 sigilli
1010 2591 1078 2633 sui
1101 2590 1357 2633 municione
1386 2590 1471 2632 hoc
1492 2602 1678 2645 presens
1700 2588 1884 2630 roboret

318 2659 686 2703 instrumentum.
1622 2669 1625 2671 ’

375 2732 535 2773 Α616111
572 2734 692 2787 apud
725 2733 893 2775 dictum
928 2734 1255 2776 monasterium
1284 2733 1556 2789 Francarum
1585 2731 1797 2780 Vallium,
1835 2730 1881 2773 in

315 2803 545 2857 presencia
585 2807 627 2845 et
671 2804 930 2846 testimonio
972 2806 1202 2861 symonis.
1249 2805 1378 2850 Petri,
1424 2804 1646 2851 Sabberti,
1691 2803 1880 2845 fratrum

313 2888 634 2916 conversorum
669 2875 773 2918 dicti
800 2877 1082 2925 monasterii,
1123 2876 1327 2931 magistri
1359 2875 1600 2927 Raimundi
1630 2875 1685 2916 (16
1719 2875 1881 2916 Sancto

315 2944 485 2999 Egidio,
509 2946 735 2988 Guillelmi
758 2944 812 2989 de
833 2946 979 2989 Bodas*
1001 2948 1192 2995 diaconi,
1218 2950 1262 2990 61
1282 2947 1371 2990 1661
1391 2947 1439 2989 Β.
1461 2948 1516 2989 (16
1543 2946 1726 3003 Marqes
1753 2947 1880 2988 ante-
1899 3003 1904 3008 q
