2070 3486
783 298 955 339 —697
992 324 1040 329 -

133 390 356 432 constituo
382 390 422 431 in
455 404 545 431 rem
577 395 786 434 vestram.
826 405 896 433 me
925 395 968 433 et
1002 404 1126 433 meos
1154 392 1441 432 subcessores
1478 393 1521 432 et
1548 390 1691 445 ipsam

134 460 373 502 Ecclesiam
403 461 710 504 disvestiendo
739 463 792 503 dc
815 462 1026 504 omnibns
1060 465 1103 502 et
1131 462 1319 515 singulis
1342 461 1625 516 supradictis,
1651 464 1694 502 et

132 545 212 573 vos
233 534 278 573 et
299 535 471 573 vestros
503 532 802 580 investiendo,
834 536 877 575 et
908 535 1050 574 totum
1083 533 1155 588 jus
1185 532 1416 588 corporale
1452 532 1519 573 vel
1550 532 1694 573 incor-

132 601 299 657 porale.
325 602 459 644 michi
489 603 557 643 vel
581 603 772 645 Ecclesie
792 617 888 645 mee
912 603 1142 658 pertinens
1167 603 1208 644 in
1230 603 1456 658 predictis,
1482 603 1526 644 in
1550 615 1629 644 vos
1650 605 1694 644 et

132 675 305 715 vestros
324 687 605 715 successores
629 674 846 716 transfero
861 675 1039 730 penitus
1053 677 1097 716 ct
1114 678 1391 729 transporto:
1414 674 1692 716 constituens

132 756 202 785 me
224 743 402 786 interim
426 758 506 799 pro
537 745 664 787 vobis
692 748 736 788 et
763 746 944 788 nomine
968 748 1117 787 vestro
1146 746 1346 800 precario
1370 745 1598 800 possidere
1624 745 1691 786 vel

129 814 258 870 quasi
288 815 533 870 possidere,
564 817 705 858 donec
735 831 814 857 vos
842 831 892 858 ea
916 817 1145 872 possidere
1176 817 1243 857 vel
1279 816 1406 872 quasi
1437 815 1692 871 inceperitis

131 899 209 941 per
231 899 311 928 vos
334 886 481 942 ipsum
503 902 510 931 :
537 888 656 941 qnod
678 888 780 929 volo
801 888 1065 930 auctoritate
1089 887 1268 942 propria
1287 902 1367 927 vos
1391 887 1628 929 iacturum.

187 957 377 999 Nomine
399 957 532 1013 hujus
555 959 904 1013 permutarionis
928 959 994 999 vel
1017 959 1246 1003 escambii,
1267 958 1357 999 seio
1377 962 1420 1000 et
1436 958 1478 999 in
1503 958 1691 1000 veritate

130 1027 273 1070 fateor
295 1041 374 1070 vos
395 1029 605 1072 donasse.
631 1030 819 1071 cessisse
847 1044 896 1071 ac
925 1030 1259 1085 imperpetuum
1291 1029 1526 1071 tradidisse
1556 1029 1690 1070 miclii

126 1101 172 1140 et
192 1098 384 1142 Ecclesie
403 1113 499 1142 mee
521 1100 733 1155 predicte,
757 1104 800 1142 et
821 1101 1156 1142 successoribus
1173 1100 1300 1145 meis,
1324 1100 1396 1141 illa
1414 1101 1503 1141 duo
1521 1100 1686 1147 modia,

127 1183 268 1212 unum
292 1170 498 1213 videlicet
530 1170 757 1215 frumenti.
783 1175 827 1213 et
852 1172 972 1213 aliud
997 1171 1104 1219 vini,
1138 1186 1217 1226 pro
1251 1185 1341 1226 quo
1362 1173 1582 1226 quartone
1605 1185 1688 1212 vos

124 1243 170 1283 et
195 1253 476 1284 successores
503 1242 641 1284 vestri
670 1242 713 1283 in
743 1242 841 1297 ipsa
861 1242 1047 1285 ecclesia
1069 1242 1320 1284 habebatis.

184 1311 294 1354 Item
322 1312 458 1355 etiam
487 1315 530 1354 et
556 1313 678 1355 aliud
707 1313 909 1355 modium
947 1313 1065 1356 bladi
1101 1313 1324 1355 mitadcnc
1350 1326 1374 1354 a
1405 1326 1475 1354 me
1505 1315 1549 1353 et
1575 1313 1688 1354 meis

125 1383 460 1426 successoribus
483 1384 663 1426 nomine
694 1384 834 1439 ipsius
868 1384 1050 1426 ecclesie
1081 1384 1314 1426 annuatim
1349 1383 1687 1438 percipiendum

123 1455 177 1496 de
205 1454 340 1497 blado
367 1454 442 1497 illo
471 1455 763 1498 usaticorum.
789 1470 876 1511 que
900 1456 942 1496 in
968 1456 1086 1497 dicto
1114 1457 1259 1497 castro
1283 1454 1552 1509 percipietis,

181 1523 275 1575 Que
305 1526 457 1568 omnia
483 1530 527 1568 et
562 1526 737 1582 singula
784 1527 1042 1581 supradicta
1081 1540 1163 1581 ego
1199 1525 1413 1581 magister
1437 1526 1682 1568 JolianneS.

124 1599 267 1638 rector
287 1596 471 1654 ecclesie
498 1598 710 1652 predicte.
743 1598 888 1639 sciens
921 1601 965 1639 et
992 1598 1034 1639 in
1067 1597 1253 1639 veritate
1281 1610 1556 1651 cognoscens
1589 1609 1687 1651 pre-

119 1667 237 1710 dicta
256 1668 410 1710 omnia
435 1672 479 1710 et
506 1669 697 1723 singula,
729 1669 774 1710 in
810 1669 1050 1711 utilitatem
1086 1682 1232 1710 meam
1262 1671 1305 1710 et
1333 1667 1515 1710 ecclesie
1548 1667 1683 1708 michi

122 1738 328 1785 comisse,
360 1740 613 1782 redundare
646 1743 690 1782 et
717 1741 812 1782 sine
840 1740 977 1782 dubio
1008 1740 1123 1782 lacta
1150 1753 1264 1786 esse,
1291 1753 1343 1781 eo
1370 1738 1475 1794 quia
1505 1741 1687 1793 propter

123 1809 462 1853 molestantium
490 1811 735 1854 instantem
773 1811 1116 1867 oppressionem
1137 1811 1199 1864 (1)
1236 1810 1311 1851 vix
1339 1823 1365 1852 a
1399 1823 1470 1851 me
1499 1812 1542 1851 et
1568 1809 1685 1851 dicta

125 1881 312 1923 ecclesia
331 1885 508 1937 poterat
527 1882 726 1937 plenarie
753 1882 947 1938 optineri
963 1898 971 1927 2

180 1952 232 1994 Et
253 1953 468 2008 promitto
490 1953 636 2001 vobis,
669 1954 786 1996 dicto
813 1953 998 1995 domino
1026 1953 1254 2009 episcopo,
1287 1951 1582 2007 solempniter
1609 1951 1685 1993 sti-

120 2023 309 2078 pulanti,
334 2025 456 2079 quod
475 2025 720 2080 predictam
741 2025 1119 2080 jurisdioeionem.
1141 2026 1186 2066 et
1200 2024 1287 2066 alia
1307 2023 1461 2065 omnia
1477 2022 1684 2077 superius

118 2107 359 2150 expressa,
399 2095 469 2138 vel
497 2109 586 2138 non
613 2109 846 2152 expressa,
884 2097 1029 2138 eidem
1062 2095 1366 2151 jurisdiccioni
1394 2093 1678 2149 pertinentia.

118 2165 279 2208 faciam
302 2180 383 2208 vos
415 2170 461 2208 et
490 2170 665 2210 vestros
699 2181 980 2210 successores
1012 2166 1258 2223 possidere,
1299 2165 1367 2207 vel
1402 2165 1546 2220 quasi,
1581 2178 1682 2220 pas-

117 2235 240 2278 cifice
266 2239 312 2279 et
337 2237 503 2293 quiete,
530 2241 573 2280 et
599 2239 656 2280 ab
678 2238 800 2280 omni
831 2251 1022 2294 persona
1049 2237 1382 2280 contradicente
1410 2235 1677 2282 defcndam;

118 2309 330 2363 promitto
357 2309 492 2351 etiam
524 2311 643 2366 quod
673 2314 829 2353 contra
861 2311 1113 2366 predicta...
1140 2323 1229 2351 non
1265 2309 1459 2355 veniam,
1495 2321 1575 2349 nec
1601 2307 1680 2349 ali-

116 2379 218 2435 quis
253 2383 347 2423 arte
384 2394 500 2427 mea,
531 2381 739 2428 consilio,
784 2382 854 2423 vel
882 2381 1061 2438 ingenio
1087 2396 1095 2429 ;
1139 2382 1215 2423 sed
1252 2379 1406 2422 onmia
1433 2382 1477 2420 et
1504 2378 1679 2434 singula

116 2451 374 2506 supradicta
414 2451 547 2494 firma
578 2455 623 2494 et
657 2453 924 2495 inconcussa
949 2452 1054 2496 volo
1085 2452 1419 2507 imperpetuum
1457 2449 1674 2496 obtineri:

116 2522 386 2565 renuncians
419 2523 635 2566 beneficio
663 2524 965 2566 restitucionis
1002 2524 1046 2566 in
1076 2524 1298 2578 integrum
1322 2525 1364 2564 et
1391 2520 1514 2563 omni
1543 2520 1679 2576 privi-

119 2592 287 2649 legio...

173 2665 225 2707 Et
243 2679 339 2713 nos,
367 2666 524 2708 Petrus
544 2667 599 2709 de
617 2667 824 2719 Conchis,
849 2666 1005 2709 divina
1026 2666 1320 2709 miseracione
1342 2662 1674 2718 Magalonensis

113 2736 368 2792 episcopus,
401 2751 479 2792 per
513 2752 593 2780 nos
627 2741 670 2780 et
707 2742 886 2780 nostros
922 2752 1259 2780 successores...
1300 2735 1589 2777 concedimus
1630 2734 1673 2774 in

113 2808 446 2850 escambium...
479 2809 558 2851 tibi
583 2810 798 2863 magistro
825 2810 1034 2857 Johanni,
1075 2808 1233 2851 rectori
1263 2807 1476 2863 predicto,
1512 2808 1555 2847 et
1577 2818 1670 2846 suc—

161 2958 207 3001 Α)
237 2957 362 2993 Cart.:
383 2961 550 3003 propter
572 2958 876 2993 ''mlestnlimwm
901 2958 1090 2993 intanlem
1112 2956 1405 3001 impressionem
1431 2954 1513 2988 ris.
