2070 3486
812 337 861 342 —
900 310 985 353 769
1019 335 1071 340 —

157 405 329 446 litteras
356 418 382 446 a
409 405 595 446 domina
624 405 774 457 regina
806 405 1003 446 Francie.
1046 405 1092 446 Et
1129 408 1234 446 tune
1263 404 1358 458 ipse
1395 403 1520 444 testis
1554 403 1633 444 ivit
1674 401 1717 444 in

156 475 465 525 Francia111‚et
487 475 635 516 attulit
658 490 793 530 super
815 477 895 517 lioe
916 476 1085 517 litteras
1107 475 1288 517 domine
1306 473 1546 530 ljllanehel.
1568 474 1717 526 regine

154 546 353 597 Francie,
379 549 423 588 et
452 547 647 587 ostendit
679 560 754 587 ens
782 547 900 588 dieto
928 547 1139 601 episeopo
1167 549 1210 587 et
1231 546 1347 587 dieto
1379 545 1427 587 (f).
1452 545 1712 587 senescallo.

155 617 323 660 Etcum
343 617 713 659 concordasssent
735 618 879 659 (lictus
899 618 1113 672 epicopus
1130 621 1170 666 et
1194 617 1338 658 dictus
1357 616 1402 657 (ἶ).
1424 616 1712 658 senescallus.

154 689 275 744 quod
297 688 524 730 caminum
549 689 754 730 transiret
782 702 859 743 per
887 688 1181 729 Suniidrium.
1214 691 1253 729 et
1285 689 1403 742 quod
1434 687 1578 729 dictus
1603 687 1719 742 epis-

154 773 294 815 copus
328 759 546 814 acciperet
590 760 828 815 pedagium
867 773 998 800 suum
1032 761 1149 814 apud
1183 759 1502 801 Lentosclerias
1529 774 1553 800 a
1577 763 1719 800 trans-

154 829 366 872 euntibus
396 843 474 885 per
500 830 726 871 caminum
762 830 1000 871 Sumidrii.
1038 830 1209 872 audivit
1251 830 1333 872 dici
1366 833 1522 884 postea
1548 844 1573 871 a
1600 829 1718 871 dicto

153 900 425 947 senescallo,
469 901 588 956 quod
631 900 758 942 inulti
798 903 1068 942 mercatores
1095 903 1214 955 apud
1258 901 1459 943 Mestum
1502 904 1714 943 venerant

151 984 304 1014 coram
319 971 745 1026 eo,dicentes‹11uod
768 971 1014 1026 periculum
1035 974 1076 1012 et
1094 972 1365 1013 distin-binni
1386 972 1714 1014 transeuntium

151 1045 271 1086 esset
299 1042 336 1085 si
365 1042 594 1085 caminum
625 1044 786 1084 Sancte
814 1042 965 1085 Crucis
996 1043 1199 1084 transiret
1231 1057 1310 1097 per
1337 1043 1643 1087 Snmidrium:
1675 1047 1715 1085 et

117 1119 120 1122 ’
151 1114 213 1156 ita
252 1113 470 1156 remansit
503 1114 623 1168 quod
667 1113 894 1155 caminum
938 1127 1025 1155 non
1061 1114 1267 1155 transivit
1303 1127 1381 1168 per
1416 1114 1708 1155 ι9111111111111111.

151 1185 204 1228 Et
237 1188 343 1227 tunc
374 1184 471 1240 ipse
508 1185 636 1226 testis
676 1185 782 1226 emit
821 1184 1061 1239 pedagium
1100 1187 1261 1226 sancte
1295 1185 1447 1226 Crucis
1480 1198 1504 1226 a
1532 1185 1715 1226 domino

147 1253 414 1312 Jo[hanne],
455 1255 666 1310 episcopo
694 1256 884 1297 condam
931 1255 1268 1309 Magalonensi,
1314 1259 1357 1296 et
1398 1255 1562 1310 incepit
1597 1269 1717 1297 com-

149 1327 314 1384 pellere
342 1327 669 1372 aventurerios,
697 1329 982 1368 transeuntes
1013 1340 1090 1380 per
1111 1326 1338 1368 caminum
1363 1328 1522 1368 Sancte
1542 1327 1709 1370 Crucis,

150 1401 200 1440 ut
227 1397 470 1440 transirent
503 1411 582 1452 per
616 1401 813 1439 castrum
844 1397 1075 1438 Sumidrii.
1116 1398 1164 1438 Et
1193 1401 1295 1439 tunc
1316 1398 1589 1439 aventnrerii
1612 1412 1716 1439 eon—

148 1469 297 1525 questi
325 1468 505 1511 fuerunt
535 1482 672 1523 super
704 1469 785 1510 hoe
815 1468 999 1509 domino
1028 1470 1097 1513 0.,
1130 1470 1320 1510 condam
1349 1470 1619 1510 senescallm
1653 1469 1713 1510 ibi

146 1540 419 1583 audivitdici
442 1540 484 1582 in
505 1540 783 1595 pignerando
801 1554 879 1594 pro
899 1540 1015 1581 dicto
1035 1540 1223 1594 pedagio
1239 1554 1316 1581 eos
1332 1540 1407 1595 qni
1427 1540 1709 1582 divertebant

147 1626 175 1654 a
192 1611 310 1654 dicto
332 1611 539 1668 pedagio.

207 1682 465 1738 Requisitus
492 1682 686 1738 qualiter
712 1682 808 1723 scit.
843 1682 958 1723 dixit
991 1683 1110 1737 quod
1143 1682 1251 1723 vidit
1275 1683 1393 1737 quod
1418 1683 1642 1737 Turpinus
1671 1686 1711 1724 et

149 1753 316 1796 familia
362 1753 466 1796 dicti
513 1753 711 1808 episcopi
765 1753 1117 1808 pignoraverunt
1166 1753 1331 1807 pluries
1375 1753 1650 1796 divertentes
1690 1769 1712 1795 11

146 1824 325 1867 camino
356 1825 518 1867 Sancte
554 1824 723 1866 Crucis,
762 1827 802 1866 et
841 1824 923 1865 hoc
960 1824 1071 1865 vidit
1109 1825 1202 1879 ipse
1236 1825 1389 1866 testis:
1437 1838 1525 1865 non
1562 1825 1713 1866 recidit

148 1898 299 1938 tamen
321 1909 435 1951 quos
464 1895 819 1951 pignoraverunt
839 1908 863 1936 a
887 1895 1004 1936 dieto
1029 1894 1290 1937 senescallo.
1323 1895 1375 1936 Et
1396 1895 1540 1937 dictus
1563 1909 1712 1937 senes-

146 1967 286 2009 callus
320 1970 426 2009 tunc
464 1966 697 2008 mandavit
735 1966 818 2021 ipsi
867 1966 983 2008 testi.
1021 1967 1141 2021 quod
1190 1980 1277 2007 non
1324 1967 1611 2021 compelleret
1656 1968 1710 2009 de

145 2041 292 2080 cetero
312 2037 510 2093 aliquem
541 2037 727 2078 transire
756 2051 835 2092 per
855 2037 1082 2078 caminum
1113 2037 1355 2080 Suniidrii:
1387 2041 1429 2079 et
1457 2037 1552 2092 ipse
1586 2038 1709 2079 testis

148 2111 254 2151 tune
278 2109 487 2151 cessavit.

206 2180 315 2222 Item
336 2180 453 2222 dixit
475 2179 599 2222 testis
628 2194 673 2219 se
707 2180 873 2221 vidisse
901 2183 943 2221 et
970 2179 1200 2221 audivisse
1228 2181 1364 2234 quod.
1392 2183 1591 2234 tempore
1621 2194 1710 2235 quo

145 2251 241 2306 ipse
276 2251 402 2293 testis
430 2251 690 2306 impetravit
719 2251 888 2292 litteras
924 2252 1119 2305 predicte
1151 2251 1332 2293 domine
1366 2251 1530 2305 regine.
1566 2251 1711 2293 dictus

145 2321 356 2365 dominus
383 2322 615 2364 Johannes
649 2322 888 2377 episcopus
916 2326 1009 2364 erat
1043 2322 1084 2363 in
1117 2323 1400 2377 possessione
1437 2322 1710 2377 percipiendi

146 2392 385 2449 pedagium
417 2396 578 2435 Sancte
600 2392 773 2435 Crucis.
801 2393 1131 2448 inpignorando
1159 2407 1239 2448 pro
1267 2393 1384 2435 (licto
1415 2394 1602 2448 pedagio
1633 2409 1710 2435 cos

143 2464 222 2520 qui
243 2464 527 2506 divertebant
555 2478 581 2506 a
608 2464 725 2506 dieto
748 2464 950 2519 pedagio.

202 2535 460 2591 Requisitus
481 2535 675 2590 qualiter
702 2535 798 2581 seit,
829 2535 942 2577 dixit
970 2536 1090 2591 quod
1124 2536 1235 2577 vidit
1264 2536 1382 2590 quod
1413 2536 1637 2590 Tui-pinus
1665 2539 1709 2577 et

144 2606 314 2649 familia
351 2606 456 2649 dicti
491 2606 690 2662 episcopi
738 2606 1087 2661 pignoraverunt
1137 2607 1314 2662 plures,
1359 2607 1634 2648 ‹livez·1‹=nt‹,=s
1681 2621 1705 2649 a

140 2677 319 2721 camino
354 2678 515 2720 Sancte
554 2677 731 2723 Crucis-2
763 2681 806 2719 et
841 2678 922 2720 l10c
961 2678 1069 2720 vidit
1105 2679 1198 2734 ipse
1243 2679 1395 2724 testis:
1436 2692 1522 2719 non
1554 2678 1703 2719 recolit

143 2751 293 2791 tamen
316 2762 430 2804 quos
459 2749 821 2804 pignoraverant.

196 2891 263 2934 Jo.
291 2890 497 2934 Bidoeius
519 2892 573 2933 (le
597 2891 840 2937 Sumidrio,
874 2892 999 2934 testis
1024 2892 1215 2946 juratus,
1247 2892 1359 2933 dixit
1390 2907 1435 2933 se
1466 2891 1630 2932 vidisse
1660 2895 1701 2933 et

135 2963 386 3011 audivisse.
417 2977 444 3005 a
471 2963 613 3005 tribus
640 2963 770 3004 annis
805 2963 871 3005 vel
909 2976 934 3004 a
975 2963 1080 3004 1111·Τ
1106 2963 1237 3005 annis
1265 2963 1397 3005 citra.
1441 2964 1561 3018 quod
1601 2964 1694 3018 ipse
