2070 3486
717 325 977 366 —201—

125 423 284 465 Coram
302 421 468 477 quibus
484 421 694 462 dominus
709 419 1011 475 Blernardusl.
1029 419 1267 475 episcopus
1281 418 1627 473 Magalonensis.

66 494 300 550 proposuit
321 493 593 535 abbatem-et
613 491 937 532 monasterium
963 491 1134 532 Aniane
1159 491 1344 532 subesse
1369 490 1461 542 lege
1485 489 1630 530 dioce-

65 579 176 606 sana
206 567 250 605 et
281 565 378 618 lege
411 562 756 618 jurisdictionis.
789 566 829 603 et
860 563 981 616 quod
1011 561 1334 603 monasterium
1370 563 1461 602 erat
1492 560 1628 600 silum

65 636 111 678 in
149 635 314 676 diocesi
356 633 688 687 magalonensi.
731 636 773 674 et
815 634 872 674 ab
912 633 1124 687 episeopo
1152 631 1459 686 Magalonensi
1488 631 1629 672 abbas

68 707 242 749 Aniane.
266 705 508 760 recipiebat
538 708 580 746 et
615 704 809 759 recipcre
841 704 1035 746 debebat
1061 702 1476 745 confirmationem.
1503 705 1545 743 et
1572 702 1629 742 ab

67 777 280 833 episcopo
313 775 619 830 Magalonensi
655 775 800 817 dictus
833 776 974 817 abbas
1002 774 1365 816 examinabatur.
1391 772 1631 814 confirma-

69 849 202 890 batur
227 851 271 890 et
298 847 670 894 benedicebatur,
709 849 752 888 et
777 846 924 888 eidem
954 845 1164 900 episeopo
1198 844 1502 887 obedientiam
1538 856 1630 885 ma-

67 919 249 962 nualem
293 917 444 973 [blanc
470 917 524 958 (le
548 918 582 958 2
608 919 751 971 cent]
796 916 1000 963 faciebat,
1041 919 1085 958 et
1123 917 1243 971 quod
1283 929 1434 957 coram
1471 915 1630 957 eodem

68 991 341 1046 respondere
363 990 577 1032 debebat.
605 992 649 1030 et,
674 989 975 1044 respondelJat
1006 988 1100 1043 ipse
1128 988 1286 1029 abbas.
1320 990 1534 1042 tanquam
1563 999 1633 1027 co-

68 1075 162 1104 ram
192 1060 338 1116 judice
369 1060 609 1103 ordinario.
650 1060 741 1110 Quo
769 1059 953 1115 ‹piidem
982 1059 1135 1100 omnia
1165 1058 1343 1113 cognita
1370 1060 1413 1100 et
1443 1058 1630 1112 probata

69 1131 252 1174 fuerunt
282 1131 324 1173 in
358 1131 456 1187 jure
484 1144 635 1173 coram
663 1130 793 1172 dictis
819 1130 1045 1186 judicibus
1072 1144 1152 1185 per
1179 1128 1510 1171 confessionem
1536 1141 1633 1182 pre-

68 1203 173 1246 dicti
200 1202 371 1245 domini
401 1202 578 1244 abbatis
608 1202 795 1244 Aniane.

128 1275 334 1316 Asseruit
372 1274 507 1316 etiam
552 1274 671 1315 idem
712 1273 924 1315 dominus
969 1272 1207 1328 episcopus
1253 1271 1295 1313 in
1340 1271 1464 1326 jure.
1509 1270 1628 1324 quod

67 1347 213 1388 dictus
240 1346 382 1387 abbas
410 1346 604 1387 habebat
638 1345 857 1399 populum
892 1345 976 1385 sub
1007 1358 1069 1386 se.
1096 1347 1135 1384 et
1161 1343 1298 1385 etiam
1321 1342 1363 1383 in
1390 1356 1442 1383 eo
1467 1341 1632 1396 populo

68 1417 266 1460 habebat
294 1416 587 1471 temporalem
614 1416 971 1471 jurisdictionem
1001 1415 1172 1457 ratione
1200 1413 1408 1456 abbatie:
1440 1416 1483 1454 et
1511 1413 1631 1467 qnod

49 1487 395 1530 'monasterium
425 1487 596 1529 Aniane
623 1501 648 1529 a
678 1487 797 1529 dicto
826 1486 994 1542 populo
1026 1485 1303 1542 percipiebat
1329 1484 1527 1526 decimas
1552 1517 1559 1528 ,
1591 1485 1632 1524 et

64 1559 138 1615 jus
159 1559 434 1615 percipiendi
456 1559 665 1600 habebat.
693 1558 743 1599 Et
767 1559 846 1600 hec
874 1558 1010 1600 etiam
1038 1571 1118 1613 per
1137 1557 1239 1599 dicti
1263 1555 1441 1598 abbatis
1460 1554 1634 1597 conses-

69 1631 244 1674 sionem
274 1630 454 1672 fuerunt
476 1618 785 1687 camprobata.

128 1703 308 1744 Necnon
350 1702 467 1744 idem
508 1702 720 1743 dominus
760 1701 1000 1756 episcopus
1039 1700 1085 1742 in
1122 1701 1218 1755 jure
1259 1698 1467 1745 asseruit,
1512 1697 1632 1753 qnod

70 1773 215 1817 dictus
229 1774 372 1815 abbas
387 1773 737 1828 contempnebat
754 1772 906 1814 venire
924 1773 979 1814 ad
998 1773 1224 1828 synodum
1245 1770 1629 1826 Magalonensem,

70 1848 115 1888 et
140 1858 243 1887 cum
274 1844 509 1887 vocatione
537 1847 580 1886 et
608 1844 702 1885 sine
740 1844 986 1886 vocatione.
1020 1843 1165 1891 Unde,
1191 1855 1341 1885 coram
1364 1841 1494 1883 dictis
1520 1839 1636 1895 judi-

69 1916 224 1963 cibus,
260 1916 314 1958 de
345 1915 463 1958 dicto
497 1916 660 1957 abbat-e
694 1915 840 1957 dictus
871 1915 1084 1957 dominus
1120 1915 1360 1970 episcopus
1391 1925 1636 1967 conquere-

71 1987 227 2033 batur,
259 1990 417 2042 petens
450 1987 600 2042 ipsum
627 1987 839 2029 abbatem
874 1986 1082 2042 compelli
1116 1987 1171 2028 de
1207 1988 1355 2028 cetero
1390 1983 1543 2026 venire
1577 1982 1635 2024 ad

71 2049 297 2115 synodum
326 2058 657 2114 Magalonensis
685 2058 911 2114 episcopi;
942 2059 998 2100 ad
1026 2058 1145 2113 quod
1170 2056 1426 2101 faciendum
1459 2056 1513 2097 de
1539 2054 1635 2110 jure

71 2130 301 2173 communi
324 2129 462 2172 teneri
485 2129 654 2171 dictum
676 2130 888 2171 abbatem
911 2129 1137 2184 predictus
1159 2128 1372 2170 dominus
1394 2126 1633 2182 episcopus

72 2201 389 2249 contendebat,
415 2204 465 2242 ut
485 2214 542 2243 ex
563 2201 774 2256 predictis
795 2214 983 2255 arguere
1006 2200 1251 2242 nitebatur.

131 2273 256 2315 Unde
277 2272 504 2328 predictus
532 2272 744 2314 dominus
764 2272 920 2320 abbas,
953 2285 1089 2326 super
1117 2271 1201 2313 hiis
1229 2283 1315 2326 que
1344 2271 1631 2325 cognoverat,

73 2346 294 2400 quasdam
321 2343 618 2386 correctiones
649 2347 693 2385 et
722 2343 1064 2385 emendationes
1097 2342 1198 2384 fecit
1225 2356 1281 2383 ex
1310 2340 1556 2397 postfacto,
1590 2342 1636 2380 ut

72 2428 129 2458 ex
158 2418 312 2458 tenore
338 2417 541 2457 actorum
568 2415 769 2470 apertius
795 2415 1070 2470 apparebat;
1108 2417 1165 2457 et.
1198 2426 1335 2468 super
1361 2412 1634 2467 quibusdam

71 2486 294 2542 capitulis.
325 2500 352 2529 a
378 2486 507 2529 dictis
533 2486 758 2542 judicibus
786 2486 1003 2541 delegatis
1031 2486 1233 2541 prelatus
1254 2484 1466 2526 dominus
1493 2483 1635 2523 abbas

74 2559 128 2601 ad
165 2560 404 2600 Summum
439 2557 702 2600 Pontificem
731 2557 999 2613 appellavit,
1037 2570 1245 2599 asserens
1280 2556 1375 2611 ipsc
1408 2555 1549 2596 abbas
1581 2553 1638 2594 ab

73 2629 241 2672 eisdem
280 2629 504 2685 judicibus
539 2643 585 2671 se
623 2632 667 2671 et
696 2629 767 2684 jus
803 2629 873 2671 sni
908 2628 1169 2671 monasterii
1205 2627 1350 2669 lesum
1388 2625 1561 2667 fortiter
1597 2627 1639 2665 et

74 2703 333 2758 gravatum;
359 2714 598 2756 superflua
616 2700 919 2756 appellatione
937 2699 1259 2742 Sanctissimus
1278 2699 1407 2739 Pater
1426 2696 1638 2738 dominns

79 2772 221 2828 Papa,
256 2772 478 2814 Honorius
514 2772 702 2817 tercius,
747 2772 959 2814 abbatem
990 2771 1320 2825 Vallismagne,
1359 2768 1637 2810 Bel-nardum

76 2844 438 2886 archidiaconum
460 2843 687 2885 Nemausi.
708 2846 751 2885 et
770 2843 841 2884 W.
866 2842 1061 2898 priorem
1083 2843 1137 2883 de
1159 2843 1375 2883 Tornaeo.
1396 2838 1636 2893 delegavit,

79 2915 164 2956 sub
192 2914 265 2956 tali
291 2914 457 2959 forma,
491 2915 608 2969 qnod
641 2915 695 2954 ‹le
724 2914 1026 2968 appellatione
1050 2913 1195 2969 primo
1219 2913 1554 2963 cognoscerent.
1581 2911 1637 2948 el.

45 2980 49 2982 ἡ
79 2985 117 3027 si
138 2999 236 3028 eam
262 2985 429 3041 justam
453 2986 714 3041 reperirent.
746 2986 864 3040 quod
891 2985 1026 3027 etiam
1055 2985 1372 3037 (fognosmfrenl
1402 2985 1440 3023 el
1466 2983 1644 3021 senlen-

201 3068 291 3101 Cart.
315 3067 356 3099 de
379 3068 478 3108 May„
493 3086 531 3090 -
552 3068 588 3097 T.
611 3067 638 3098 ll
1487 3063 1520 3092 17
