2070 3486
795 342 848 346 —
884 316 966 357 338·
1016 342 1054 348 -

145 411 286 453 misso
313 410 556 465 prefixum.
583 412 825 451 secundani
849 411 966 452 diem
993 412 1197 453 intrantis
1220 413 1282 462 (l)
1311 413 1505 465 augusti.
1532 428 1616 468 qur
1639 414 1700 462 ‹2›

146 482 230 523 erit
249 484 410 536 quarto
431 481 786 533 nonas‘flugusti.
813 485 853 522 rt
879 482 1021 522 lorum
1041 484 1158 537 apud
1184 483 1695 538 Montempessulanuin.

145 565 232 608 que
252 552 347 594 dies
375 555 558 606 propter
586 552 768 604 negocia
790 553 1062 605 rnwrgvntia
1087 554 1232 595 extitit
1264 557 1515 608 prorogata.

205 623 313 664 Item
349 623 455 677 quia
484 622 720 663 videbatur
749 623 925 664 utilitati
964 624 1152 664 Errlrsir
1185 625 1513 677 Magalonrnsis
1550 626 1697 666 multi-

146 693 318 749 pliciter
342 693 572 748 expedire,
603 694 942 735 ordinaverunt.
977 699 1266 749 preceperunt
1297 698 1337 736 rt
1369 697 1695 738 mamlavrrunl

144 765 229 807 sub
261 764 502 820 juramenti
533 764 766 819 religione.
799 778 932 818 quain
959 765 1005 805 in
1024 766 1349 820 rsnuprsnuisso
1371 767 1550 808 arbitris
1579 782 1700 821 pres-

144 835 345 886 titerunt,
378 836 626 891 preposito,
657 835 1071 886 archidiaconibus‚
1104 837 1300 880 sacriste.
1334 837 1695 880 110101110sinm·i‹..

142 907 404 962 coquinario
431 910 474 948 et
515 906 763 948 infirmario
794 907 1211 959 Magalonensibus,
1251 908 1398 949 sant-ti
1437 909 1618 950 Firmini
1657 914 1697 951 rt

142 978 354 1020 omnibus
398 978 497 1024 aliis
546 978 769 1032 prioribus
814 979 867 1019 ad
916 979 1285 1020 rouununitatrm
1332 979 1694 1033 Magaloncnsrni

140 1048 486 1105 pertinentibus,
517 1052 565 1090 ut
591 1050 645 1090 de
674 1049 885 1090 omnibus
909 1050 1172 1101 redditibus,
1197 1050 1504 1104 prtwentilms,
1530 1053 1698 1093 obven—

143 1120 340 1163 tionibus
361 1120 638 1175 prioratuum
669 1123 712 1162 et
738 1120 1181 1162 administrationum
1211 1135 1394 1163 suarum
1427 1122 1701 1175 integraliter

140 1192 301 1235 darent
326 1191 566 1239 decimam,
603 1205 629 1233 a
659 1192 866 1247 proximo
896 1191 1008 1233 festo
1048 1193 1331 1234 l‘entecostes
1361 1193 1401 1234 in
1433 1197 1581 1241 antra,
1613 1194 1698 1235 illis

140 1262 351 1305 videlicet
371 1276 486 1317 quos
517 1263 572 1304 ad
601 1262 909 1305 collectionem
939 1263 1197 1318 hujusmodi
1232 1265 1446 1305 ducerent
1481 1265 1699 1319 deputan-

139 1335 244 1381 dos,
276 1334 479 1376 deductis
519 1334 732 1389 expensis
772 1334 1037 1376 necessariis
1066 1335 1366 1377 solummodo.
1398 1349 1484 1389 que
1519 1335 1623 1377 fient
1654 1337 1696 1377 in

142 1404 362 1447 fructibus
387 1405 650 1459 colligendis
673 1421 681 1451 ;
713 1407 761 1446 ut
788 1406 841 1447 dc
872 1405 1086 1460 peccunia
1113 1406 1175 1447 sic
1201 1406 1386 1448 collecta
1412 1406 1514 1447 dicti
1543 1407 1696 1448 arbitri

141 1479 327 1532 possent
361 1476 600 1531 disponere
638 1480 683 1518 et
724 1477 932 1518 ordinare
973 1478 1220 1519 secundum
1268 1478 1386 1532 quod
1436 1478 1613 1519 utilitati
1656 1482 1694 1520 et

138 1547 297 1589 honori
325 1547 555 1590 videretur
586 1547 919 1603 Magalouensis
950 1548 1139 1589 Ecclesie
1180 1548 1408 1603 expedire.
1439 1548 1696 1591 Collectioni

136 1620 288 1660 autem
323 1618 625 1674 predictorum
662 1618 919 1660 reddituum
942 1620 1276 1674 deputaverunt
1297 1619 1693 1662 helemosinariuni

136 1692 180 1732 et
219 1689 414 1744 priorem
448 1690 503 1731 de
530 1690 830 1732 Castronovo.
874 1690 919 1731 in
952 1690 1183 1745 presencia
1211 1694 1255 1732 et
1293 1690 1550 1732 testimonio
1582 1691 1694 1732 Petri

139 1759 343 1803 Rainaldi
364 1761 563 1802 canonici
601 1761 751 1803 Sancti
780 1761 904 1803 l‘auli
936 1761 1257 1804 Narbonensis.
1284 1762 1401 1803 Petri
1428 1762 1605 1803 Genesii
1629 1773 1694 1804 sa-

136 1831 346 1880 cerdotis,
376 1832 529 1874 Jacobi
562 1833 616 1874 de
646 1832 765 1874 Bello
799 1833 934 1874 Podio
964 1832 1252 1880 subdiaconi,
1279 1836 1322 1874 et
1342 1833 1429 1874 mei
1460 1833 1696 1875 Raimundi

139 1903 296 1951 nosce,
320 1903 718 1959 Montispessulani
750 1904 925 1951 notarii,
958 1903 1035 1959 qui
1064 1907 1245 1959 rogatus
1268 1904 1349 1945 hec
1375 1904 1547 1959 scripsi.

194 2046 305 2088 Item
327 2047 485 2088 eodem
508 2059 643 2097 anno,
668 2047 842 2098 decimo
863 2047 1079 2089 kalendas
1097 2047 1309 2094 octobris,
1332 2047 1517 2102 predicti
1540 2047 1696 2089 arbitri

136 2120 320 2172 propter
356 2119 551 2172 quedam
586 2118 785 2169 negocia.
826 2132 913 2173 qne
953 2119 1009 2159 ad
1039 2131 1224 2173 presens
1261 2119 1508 2160 habebant.
1557 2119 1692 2173 impr-

135 2188 215 2231 diti
244 2188 324 2241 (3).
362 2202 450 2230 nou
492 2189 694 2231 valentes
722 2190 952 2231 intendere
980 2189 1241 2237 antedictis,
1283 2190 1525 2245 predictam
1556 2190 1690 2233 diem.

134 2260 390 2315 appositam
416 2261 457 2301 in
486 2261 829 2316 compromisso.
863 2261 1071 2303 videlicet
1100 2260 1265 2303 festum
1295 2261 1433 2303 sancti
1466 2261 1695 2302 Michaelis

135 2344 279 2386 usque
318 2332 374 2373 ad
419 2331 579 2373 testum
629 2346 823 2387 sequens
864 2332 1075 2373 (minium
1116 2333 1380 2374 Sanctorum
1420 2333 1697 2374 concorditer

135 2406 517 2458 prorogaverunt.
548 2404 794 2445 retinentes
831 2407 980 2445 tamen
1017 2404 1098 2445 sibi
1139 2403 1390 2459 plenarium
1427 2407 1694 2458 potestatem

136 2474 406 2529 prorogandi
433 2474 645 2529 amplius.
678 2475 713 2516 si
743 2475 903 2516 viderit
932 2475 1160 2530 expedire.

194 2546 354 2587 Actum
392 2546 512 2600 apud
541 2545 765 2588 Castrum.
798 2546 841 2587 in
871 2546 1095 2600 presentia
1123 2549 1166 2588 et
1195 2546 1452 2587 testimonio
1481 2546 1691 2587 Bernardi

133 2617 187 2657 de
215 2615 337 2658 Bello
366 2616 471 2658 Visu
503 2617 671 2661 militis.
712 2617 924 2658 Bernardi
967 2617 1144 2659 nasot-is
1173 2617 1369 2661 diaconi.
1405 2620 1448 2658 et
1477 2617 1560 2658 inei
1595 2617 1692 2657 Rai-

134 2686 291 2728 mundi
312 2687 469 2730 Dosca.
490 2688 885 2743 M(›11tisp‹fssulani
908 2688 1083 2730 notarii.
1109 2688 1181 2743 qui
1214 2691 1395 2743 rogatus
1417 2688 1496 2729 liec
1518 2687 1688 2741 scripsi.

183 2867 231 2913 (1)
261 2866 388 2903 Cart.:
410 2867 608 2903 instantis.

181 2925 230 2971 (2)
261 2926 386 2962 Cart.:
411 2937 502 2973 qua.

183 2984 229 3032 (3)
259 2985 384 3023 Cart.:
408 2986 620 3032 impeditis.
