2070 3486
714 388 972 429 -211—

123 484 376 525 Boi-nardus
399 482 614 531 Quintini,
651 495 785 522 unani
818 482 995 523 vineam
1027 482 1068 523 in
1109 483 1265 523 eadem
1294 481 1553 536 parrochia:
1585 483 1627 522 ct

63 553 374 596 confrontatur
400 566 425 594 a
455 556 589 600 vento
612 566 712 593 (funi
743 552 964 606 planterio
989 554 1108 605 [guo
1137 553 1191 594 «lc
1213 552 1398 594 Cesana.
1422 552 1479 593 al)
1500 551 1626 606 aqui-

65 625 166 666 lone
203 637 304 665 runi
338 623 559 678 planterio
590 622 809 664 ,iohannis
846 623 1064 669 ltecoton2
1097 626 1139 664 et
1170 624 1307 664 «tonat
1346 636 1483 663 unuin
1526 636 1626 662 sex-

67 694 228 736 tarium
250 693 389 735 ordei.

123 764 215 814 Que
238 764 390 806 onmia
420 765 503 805 ista
531 767 657 805 crant
692 763 861 818 proprii
901 763 1036 805 alodii
1076 764 1161 805 mei
1201 767 1245 805 ct
1283 763 1437 805 Garsie
1473 763 1626 804 uxoris

66 849 180 884 mee,
206 838 251 878 et
275 835 457 890 propria
484 835 634 877 alodia
668 834 808 889 ipsius
845 834 999 876 uxoris
1031 838 1073 876 et
1112 835 1199 876 inei
1235 848 1333 876 esse
1363 834 1504 876 fateor
1531 834 1626 875 sine

64 907 186 949 omni
216 906 418 948 dominio
441 909 484 948 et
505 906 694 947 servicio
722 905 912 960 alicujus
941 920 1148 960 persone.

123 978 176 1020 Et
197 977 423 1034 prefatum
455 977 724 1020 hominium,
756 980 799 1019 et
828 977 1115 1023 fidelitatem,
1139 977 1363 1031 prefatum
1392 976 1624 1029 albem-rum

63 1062 165 1091 cum
193 1048 394 1104 predicto
434 1048 592 1089 disnar
628 1051 674 1090 et
711 1048 873 1095 cix-ata,
909 1062 1045 1102 super
1077 1050 1219 1089 totum
1250 1048 1368 1089 hunc
1389 1048 1623 1093 honorem,

65 1123 110 1163 et
129 1133 267 1175 super
283 1120 436 1162 omnia
457 1120 662 1171 servicia,
688 1122 731 1161 ct
754 1119 938 1166 usatica,
959 1119 1175 1167 dominia,
1203 1118 1435 1171 laudiniia,
1460 1121 1504 1160 et
1525 1132 1629 1160 con-

66 1191 180 1239 silia,
214 1204 302 1246 que
330 1190 375 1232 in
406 1191 591 1246 prelatis
619 1191 892 1237 honoribus,
928 1190 998 1232 vel
1028 1204 1108 1245 pro
1131 1190 1357 1245 predictis,
1390 1190 1535 1231 habeo
1559 1190 1627 1231 vel

67 1263 232 1305 habere
262 1262 421 1310 debeo,
455 1262 583 1304 vobis
620 1265 664 1303 et
698 1262 860 1303 vestris
894 1261 1230 1303 successoribus
1258 1261 1461 1315 obligo...
1492 1264 1537 1303 et
1564 1274 1630 1302 re-

65 1346 285 1388 cognosco
306 1346 409 1375 cum
432 1333 513 1375 hac
541 1336 663 1374 carta
686 1333 805 1388 quod
827 1332 865 1374 si
884 1346 981 1380 vos,
1006 1332 1204 1379 domine,
1230 1332 1324 1374 sive
1348 1346 1629 1373 successores

67 1404 218 1452 vestri,
249 1405 401 1460 aliquo
431 1407 632 1459 tempore
664 1403 950 1450 inveneritis,
981 1403 1043 1445 ita
1082 1404 1202 1458 quod
1242 1403 1437 1458 legitime
1478 1406 1627 1457 posset

22 1521 25 1533 ,-
64 1475 245 1531 probari
274 1489 391 1517 mea
419 1475 548 1516 vobis
572 1479 721 1517 tenere
750 1475 974 1530 predictos
1002 1475 1197 1516 honores
1221 1488 1300 1515 seu
1329 1474 1532 1517 servicia.
1562 1473 1627 1515 vel

65 1547 258 1592 usatica.
289 1560 377 1602 que
406 1561 485 1601 pro
517 1547 626 1601 ipsis
653 1546 813 1587 alodiis
848 1546 994 1587 habeo
1034 1546 1103 1587 vel
1140 1545 1305 1587 habere
1340 1546 1510 1591 (lehem
1542 1558 1627 1599 que

64 1618 217 1660 omnia
239 1618 368 1660 vobis
396 1631 604 1673 suppono
626 1620 670 1659 ct
694 1617 859 1671 obligo.

126 1689 344 1731 Promitte
373 1689 502 1731 vobis
529 1689 713 1730 domino
750 1688 1011 1744 stipulanti,
1050 1689 1170 1743 quod
1207 1702 1289 1743 ego
1317 1687 1516 1743 prefatos
1549 1687 1630 1728 du-

67 1764 222 1803 centos
249 1755 418 1803 solidos
446 1760 769 1815 melgorienses
804 1759 979 1802 mittam
1018 1760 1062 1801 in
1098 1760 1316 1801 honorem
1343 1757 1482 1801 alodii
1504 1757 1628 1799 liberi

67 1833 123 1875 ad
166 1836 362 1875 vestram
404 1835 749 1887 vestrorumque
788 1844 1099 1873 successorum
1145 1830 1550 1873 commonicionem
1589 1831 1631 1870 et

67 1903 390 1959 cognicionem.
423 1904 474 1945 Et
501 1904 556 1945 de
586 1903 670 1944 hiis
698 1903 910 1945 omnibus
932 1907 976 1945 et
996 1903 1200 1957 singulis,
1226 1905 1270 1944 et
1290 1916 1371 1957 pro
1391 1901 1628 1947 evictione,

66 1975 216 2031 obligo
244 1988 315 2017 me
344 1978 388 2018 et
407 1975 560 2017 onmia
591 1976 708 2016 hona
730 1988 846 2026 mea,
872 1979 915 2017 et
936 1974 1189 2030 specialiter
1211 1977 1355 2017 totum
1380 1973 1630 2028 predictum

66 2047 275 2094 feudu111;
298 2050 339 2089 ct
363 2047 443 2089 hec
472 2047 625 2088 omnia
653 2060 725 2088 me
755 2049 905 2088 tenere
933 2049 977 2087 et
1002 2049 1159 2088 contra
1186 2060 1276 2087 non
1304 2045 1478 2096 venire,
1504 2044 1632 2086 tactis

67 2119 364 2161 sacrosanctis
392 2118 639 2173 evangeliis
666 2118 760 2163 Dei,
785 2118 900 2173 juro.

128 2191 239 2232 Acta
267 2193 372 2232 sunt
400 2190 480 2232 hec
507 2190 660 2232 omnia
692 2203 811 2231 anno
840 2192 884 2231 et
910 2189 982 2232 (lie
1010 2203 1100 2244 quo
1134 2202 1285 2244 supra,
1323 2189 1368 2230 in
1399 2188 1632 2244 presencia

69 2264 113 2305 et
132 2261 394 2304 testimonio
424 2262 587 2317 Ugonis
613 2261 976 2316 archipresbiteri
1003 2260 1351 2316 Magalonensis,
1377 2259 1555 2301 Geraldi
1577 2260 1631 2301 de

69 2333 244 2376 Cocone
276 2333 437 2388 prio'ris
468 2334 522 2375 de
556 2333 784 2376 Cornone.
826 2332 1052 2374 Guillelmi
1087 2333 1141 2374 de
1178 2331 1338 2373 Tribus
1374 2330 1482 2375 Yiis.
1517 2329 1633 2371 l’etri

70 2404 210 2452 Buxi,
251 2404 443 2460 Philippi
472 2405 638 2447 Vedel.
682 2404 896 2446 Bernardi
933 2404 987 2446 de
1027 2404 1204 2451 Mesoa,
1248 2402 1425 2457 nepotis
1462 2400 1634 2444 domini

69 2476 285 2532 episcopi,
315 2476 542 2519 Guillelmi
571 2477 624 2517 de
656 2476 859 2518 (lii-unda
884 2475 1104 2530 capellani
1134 2474 1285 2517 sancti
1314 2473 1559 2519 Michaelis,
1593 2475 1633 2513 et

69 2546 287 2590 Johannis
313 2548 487 2590 Bedocii
514 2548 676 2589 notarii
708 2547 888 2602 publici,
917 2547 994 2602 qui
1019 2547 1116 2593 hec,
1144 2549 1326 2602 rogatus
1359 2560 1385 2587 a
1413 2545 1631 2600 partibus,

71 2618 264 2674 scripsit.

1053 2690 1154 2728 (neg.
1185 2689 1226 2725 F,
1250 2688 1307 2718 [οι.
1335 2688 1389 2717 122
1412 2688 1467 2726 ru).
