2070 3486
763 329 1018 372 —723’—

108 427 378 468 contractus,
413 423 628 465 landimia
649 427 693 465 et
711 425 911 479 {in-capita
941 426 1150 480 recipere.
1179 425 1345 467 usatica
1369 426 1413 465 et
1433 436 1665 465 excorren-

109 496 199 538 cias
234 508 313 537 seu
341 489 590 536 commissa
613 495 946 547 constringere,
980 499 1019 537 ct
1054 495 1303 541 vendicare,
1336 508 1386 536 ae
1413 494 1500 535 alia
1527 493 1669 534 lacere

109 571 212 623 que,
238 566 283 608 in
306 565 450 607 feudis
472 566 588 607 etde
613 564 757 606 leudis
787 567 1032 608 lmnoratis.
1061 567 1150 606 lieri
1182 570 1224 607 ct
1250 566 1321 619 agi
1350 568 1518 620 potest,
1559 553 1671 605 solet

107 640 153 680 et
172 637 332 683 debet:
358 639 402 678 et
424 637 507 677 hoo
534 636 628 677 sim¹
660 639 808 678 vestro
837 640 879 678 et
908 640 1160 678 vestrorum
1191 650 1501 678 suceessorum
1531 635 1672 677 laudi-

108 708 214 755 mio,
251 707 437 750 consilio
468 710 511 749 ct
542 720 748 750 assensu.
787 707 869 748 nisi
907 707 947 748 111
979 711 1120 749 totum
1154 708 1220 748 vol
1252 708 1294 748 111
1331 710 1454 761 parte
1483 706 1666 761 majore.

107 779 202 821 sine
217 778 369 834 aliqua
386 777 654 821 retencione.
674 777 796 819 ficret
819 792 845 819 a
864 792 934 820 me
954 779 1020 819 w!
1047 778 1301 820 tenentibus
1318 778 1465 832 ipsum
1487 778 1669 819 tendum

105 849 318 892 alienatio
340 849 445 891 dicti
467 848 604 891 feudi.

166 922 249 963 l'ro
285 920 383 976 ipso
416 924 568 962 autem
605 920 762 963 tendo.
798 934 879 973 ego
914 923 957 961 et
991 920 1077 961 mei
1116 934 1418 963 successores,
1468 922 1671 961 tenentes

105 991 254 1047 ipsum
284 991 496 1039 feudum,
536 991 752 1032 faciemus
780 994 823 1033 et
846 991 988 1033 lacere
1014 991 1267 1032 tenebimur
1296 991 1424 1032 vobis
1445 993 1489 1032 et
1510 990 1670 1032 vestris

105 1062 465 1108 successoribus.
502 1062 753 1106 annuatim,
792 1076 893 1104 cum
933 1062 1134 1117 requisiti
1164 1062 1668 1116 fuerimus,albergam

106 1133 239 1175 unius
267 1133 442 1177 militis:
474 1134 528 1175 de
563 1146 681 1174 anno
724 1147 829 1175 vero
874 1133 943 1174 vel
970 1133 1100 1175 annis
1137 1133 1178 1174 in
1215 1133 1379 1188 quibus
1407 1147 1494 1173 non
1526 1132 1671 1187 requi-

104 1218 271 1250 remur,
298 1204 484 1246 minime
514 1204 783 1250 tenebimur,
810 1207 854 1246 et
875 1205 1012 1259 quod,
1046 1208 1228 1259 propter
1255 1204 1551 1245 cessationem]
1574 1204 1669 1245 sine

104 1275 416 1331 requisieione,
456 1289 543 1317 non
582 1275 724 1330 possit
753 1275 936 1317 feudum
964 1277 1120 1317 cariore
1161 1276 1202 1316 111
1237 1275 1547 1317 commissum.

163 1347 216 1389 Et
236 1360 318 1403 ego
336 1346 481 1388 dictus
504 1346 642 1401 prior,
674 1346 715 1387 111
741 1347 953 1401 presenti.
975 1346 1139 1401 junctis
1169 1346 1378 1387 manibus
1402 1346 1529 1391 meis.
1557 1345 1668 1386 facio

102 1417 234 1461 vobis
266 1419 312 1460 et
341 1417 442 1473 juro
476 1431 613 1473 super
646 1420 799 1459 saneta
828 1417 903 1459 Dei
934 1417 1169 1472 evangelia
1196 1416 1458 1458 fidelitatem
1483 1452 1489 1464 ,
1529 1416 1667 1458 vitam

102 1491 146 1532 et
173 1489 403 1537 membra,
434 1491 478 1530 et
498 1502 585 1543 que
609 1489 652 1529 in
671 1491 955 1530 sacramento
979 1488 1208 1530 fidelitatis
1236 1488 1536 1532 eontinentur,
1563 1489 1667 1530 dato

103 1559 332 1602 firmitatis
355 1560 508 1602 osculo
526 1562 662 1615 atquo
689 1559 827 1614 pacis.

162 1631 215 1672 Et
241 1644 323 1673 nos
346 1629 551 1688 P[etrus},
581 1630 737 1672 divina
758 1630 1052 1672 miseracione
1074 1630 1405 1682 Magalonensis
1428 1630 1666 1685 episeopus

101 1702 401 1757 supradictus,
428 1701 693 1756 recipientes
712 1701 877 1743 dietam
902 1701 1273 1755 recognieionem.
1306 1701 1432 1742 salvo
1450 1701 1546 1755 jure
1568 1714 1669 1742 nos-

103 1776 184 1820 tro,
219 1775 263 1815 et
291 1775 550 1815 nostrorum
583 1785 921 1818 successorum,
947 1786 997 1814 ac
1024 1773 1358 1825 Magalonensis
1387 1772 1592 1819 Ecclesie,
1625 1772 1667 1813 in

99 1843 313 1886 omnibus
333 1843 432 1885 aliis
459 1857 546 1899 qne
575 1843 899 1885 monasterium
931 1843 1081 1885 sancti
1114 1843 1341 1885 Gnillolmi
1381 1845 1435 1884 dc
1476 1842 1668 1884 Desertis

100 1915 252 1961 habet.
272 1914 341 1956 vel
361 1914 511 1956 visum
534 1917 599 1956 est
624 1914 805 1956 habere.
831 1914 870 1955 in
892 1914 997 1955 villa
1020 1914 1169 1956 Sancti
1199 1914 1375 1956 Martini
1399 1915 1452 1955 de
1478 1913 1668 1955 Lundris

98 1989 142 2028 et
169 1985 267 2041 ejus
290 1985 594 2041 pertinenciis.
624 1999 702 2039 per
733 1999 813 2027 nos
841 1989 883 2027 et
913 1988 1089 2027 nostros
1118 1999 1399 2027 successores
1428 1985 1666 2026 laudamus

97 2059 143 2099 et
168 2056 494 2099 confirmamus
531 2057 696 2099 dictam
728 2057 1038 2098 vendicionem
1063 2057 1208 2102 vobis,
1255 2057 1372 2098 dieto
1417 2056 1580 2111 priori,
1625 2059 1665 2097 et

97 2127 433 2170 successoribus
471 2127 647 2170 vestris.
692 2127 1010 2183 promietentes
1047 2127 1288 2169 (101011111111ι
1317 2131 1360 2169 ct
1384 2128 1541 2183 juvare
1566 2141 1662 2173 vos,

95 2199 265 2241 dictum
293 2198 505 2254 priorem,
529 2201 572 2240 et
594 2212 875 2240 successores
899 2202 1094 2243 vestros,
1121 2201 1165 2240 et
1192 2199 1425 2240 eeclesiam
1449 2201 1661 2242 vestram.

96 2272 313 2325 tanquam
342 2269 526 2318 fideles,
571 2273 615 2311 et
645 2270 888 2315 vassallos,
926 2283 977 2311 ae
1019 2270 1244 2311 lendarios
1287 2272 1491 2316 nostros;
1535 2273 1579 2311 et
1611 2271 1666 2311 ad

95 2341 278 2396 majoris
303 2341 443 2396 gratie
468 2342 702 2382 cumulum
737 2344 780 2383 et
809 2341 997 2382 favoris.
1027 2341 1312 2388 remittimus,
1350 2341 1475 2381 vobis
1499 2344 1542 2382 ct
1569 2354 1668 2382 sue-

92 2412 348 2456 cessoribus
373 2412 550 2457 vestris.
583 2413 793 2467 quicquid
825 2414 881 2454 ad
912 2426 992 2454 nos
1029 2426 1108 2454 seu
1147 2416 1324 2454 nostros
1365 2426 1661 2454 successores,

99 2483 270 2526 ratione
298 2483 501 2526 laudimii
530 2484 645 2526 dicte
675 2483 968 2532 vendicitmis,
1002 2483 1224 2539 pertinere
1255 2487 1406 2539 posset
1433 2484 1502 2525 vel
1534 2483 1667 2538 pcrti—

96 2557 201 2597 neat
221 2555 307 2597 ista
328 2555 439 2597 vice.

154 2627 264 2668 Acta
296 2629 401 2667 sunt
435 2627 516 2669 hee
549 2627 670 2681 apud
706 2627 904 2668 Montem
941 2627 1253 2671 l‘essulauum,
1286 2640 1405 2668 anno
1433 2627 1662 2668 Dominicc

93 2696 418 2739 Incarnationis
454 2697 693 2739 millesimo
727 2698 1037 2739 ducentesimo
1072 2697 1451 2752 quinquagesimo
1485 2698 1660 2752 quinto.

91 2767 284 2823 septimo
318 2767 418 2809 idus
445 2768 600 2823 aprilis
629 2768 671 2809 in
705 2768 935 2823 presencia
966 2771 1009 2810 et
1039 2768 1296 2809 testimonio
1324 2768 1492 2809 domini
1528 2768 1658 2813 Petri,

88 2838 267 2880 abbatis
290 2838 478 2885 Aniane,
501 2839 910 2881 dominiJoliaunis
929 2839 1204 2885 (iundnlrici,
1232 2839 1462 2894 prepositi.
1490 2839 1661 2880 domini

89 2909 314 2952 Guillelnli
352 2910 612 2953 christofori
648 2911 965 2954 archidiaconi.
1009 2910 1260 2965 Bercngarii
1299 2911 1480 2951 ⁴Xrnaldi
1516 2910 1664 2951 arrhi-

90 2980 342 3036 presbiteri,
392 2981 593 3036 magistri
633 2981 869 3024 ltaimundi
913 2982 968 3023 de
995 2982 1296 3032 Claromonte,
1337 2981 1656 3023 canonicorum

95 987 104 1016 ᾳ
