2070 3486
786 341 838 346 —
874 317 957 357 705
995 342 1042 346 -

130 412 175 452 et
212 409 491 456 constituo..‚
536 409 691 451 volens
735 411 855 465 quod
884 410 1060 458 deinde,
1098 410 1362 452 auctoritate
1392 409 1586 465 propria,
1619 422 1697 464 per

132 494 213 523 vos
235 480 304 522 vel
325 494 404 535 per
426 480 553 527 alios,
577 480 705 536 quasi
730 481 1065 535 p‹ff›ss‹=ssionem
1089 481 1449 536 supradictorum
1470 480 1690 525 omnium,

130 565 158 594 a
185 564 256 594 me
292 552 419 599 vobis
447 551 492 592 in
520 551 800 593 escambium
831 553 1070 595 (latorum.
1111 551 1430 594 nam-isvamini
1458 554 1502 593 et
1534 547 1693 606 appre-

131 623 353 665 hendatis.
386 622 568 664 Interim
599 636 704 664 vcro
737 622 960 663 constituo
989 626 1031 664 et
1058 637 1278 677 cognosco
1308 636 1378 664 me
1418 623 1513 677 ipsa
1541 621 1693 663 omnia

130 707 211 750 pro
231 693 360 736 vobis
381 696 425 735 et
447 696 596 736 vestro
620 693 800 735 nomine
821 708 870 735 uc
893 694 1107 748 precario.
1130 695 1258 749 quasi
1291 694 1535 749 possidere,
1570 693 1694 736 nulla
1755 728 1758 733 ,

130 777 270 820 penes
303 777 375 806 me
410 763 539 819 quasi
576 764 861 819 possessione
901 767 1188 811 remanenle;
1236 764 1502 819 promittens
1543 763 1687 811 vobis,

130 834 425 890 stipulacione
447 835 790 881 interveniente,
810 836 926 889 quod
945 835 1143 889 predicta
1163 836 1330 882 omnia,
1352 836 1395 876 in
1414 835 1692 877 escambium

129 919 156 948 a
183 918 256 948 me
287 907 407 953 data,
447 905 606 947 faciam
636 920 717 947 vos
745 909 788 947 et
818 908 992 947 vestros
1027 920 1308 948 succrssores
1335 906 1431 961 jure
1467 908 1695 961 permuta-

129 977 269 1019 cionis
290 990 370 1019 seu
385 977 598 1019 escambii
618 977 784 1019 habere
807 990 1039 1031 semper...
1069 977 1119 1018 Et
1142 991 1221 1031 pro
1244 977 1518 1019 evit-tione...
1543 976 1692 1030 obligo

129 1048 261 1090 vobis
283 1050 327 1090 et
342 1048 678 1101 successoribus
707 1048 868 1090 vestris
898 1060 969 1089 111e
997 1051 1039 1089 et
1061 1048 1211 1089 omnia
1236 1049 1353 1090 bona
1381 1060 1506 1098 mea3
1539 1047 1694 1089 iterata

129 1119 422 1175 stipulacione
453 1119 583 1161 vobis
610 1119 944 1174 expromicteus
975 1119 1033 1160 nil
1063 1133 1160 1161 esse
1188 1119 1415 1161 (lictum...
1448 1118 1694 1174 quominus

131 1191 331 1247 predicta
364 1191 517 1232 onmia
554 1194 598 1232 et
632 1190 808 1245 singula
846 1191 1027 1245 plenam
1070 1194 1113 1232 et
1160 1204 1422 1246 perpetuam
1461 1190 1695 1231 obtineant

130 1261 415 1309 firmitatem
436 1262 704 1304 renuncians
724 1276 780 1303 ex
796 1265 915 1304 eerla
935 1261 1121 1303 scientia
1140 1261 1357 1304 beneficio
1377 1261 1511 1302 lolius
1525 1260 1650 1315 juris.
1664 1295 1691 1302 ..

129 1346 220 1389 quo
254 1335 409 1388 posset
441 1332 616 1374 obviari
649 1332 780 1374 alicui
808 1333 863 1374 de
891 1332 1148 1387 premissis;
1180 1336 1223 1374 et
1258 1332 1337 1373 liec
1358 1331 1511 1373 omnia
1537 1334 1581 1372 et
1608 1331 1697 1372 sin-

127 1404 234 1460 gula
260 1404 565 1459 suprascripta
589 1417 657 1445 me
680 1404 977 1446 observare...
1007 1404 1134 1445 vobis
1158 1403 1376 1459 promieto
1399 1402 1694 1458 stipulacione

131 1475 460 1518 interveniente
485 1475 740 1530 sollempni.

189 1619 243 1661 Et
269 1633 378 1666 nos,
424 1618 625 1674 prelatus
663 1620 820 1661 Petrus
862 1620 916 1661 de
956 1618 1173 1665 Conchis,
1212 1618 1365 1660 ‹livina
1400 1619 1695 1673 permissione

131 1690 464 1746 Magalonensis
483 1691 739 1746 episcopus,
767 1691 1016 1746 predictam
1038 1690 1397 1745 assignacionem
1422 1691 1695 1732 usaticorum

127 1765 414 1818 acceptantes
447 1762 592 1817 gratia
622 1762 756 1817 hujus
787 1765 1042 1804 contractus
1079 1776 1159 1803 seu
1196 1762 1438 1804 scambii...
1471 1763 1697 1804 donamus

131 1833 225 1881 tibi,
264 1833 462 1889 predicto
497 1834 721 1875 Bernardo
756 1834 810 1875 de
842 1834 985 1875 Lauza
1006 1833 1229 1888 (irnperio,
1271 1837 1313 1875 et
1345 1833 1446 1880 tuis,
1478 1833 1575 1888 jure
1599 1847 1698 1888 per-

131 1904 400 1947 mutacionis
422 1919 502 1947 seu
525 1904 755 1952 escambii,
786 1905 841 1946 ad
859 1918 1017 1946 omnes
1048 1905 1302 1947 voluntates
1324 1907 1421 1946 tuas
1443 1907 1487 1945 et
1514 1907 1693 1945 tuorum

131 1975 330 2032 plenarie
366 1975 613 2023 faciendas,
647 1975 853 2018 videlicet
884 1975 959 2018 illa
991 1976 1151 2030 viginti
1188 1979 1232 2018 et
1260 1976 1342 2018 tria
1372 1975 1570 2018 sextaria
1595 1989 1696 2017 cen-

130 2047 275 2090 sualia
311 2047 433 2090 ordei
471 2050 515 2089 et
550 2047 771 2095 eminam,
814 2060 900 2103 que
946 2047 1074 2089 uobis
1117 2047 1341 2089 tenebaris
1381 2050 1581 2102 prestare
1615 2060 1695 2102 pro

129 2117 300 2160 usatico
332 2118 535 2173 quolibet
555 2132 687 2160 anno.
714 2119 775 2160 De
798 2118 963 2173 quibus
988 2118 1144 2171 viginti
1169 2118 1310 2160 tribus
1339 2117 1548 2159 sextariis
1566 2118 1627 2171 (l)
1651 2121 1695 2160 et

129 2189 280 2232 emina
301 2190 440 2237 ordei,
471 2190 626 2232 decem
654 2191 887 2245 preslabas
911 2204 990 2245 pro
1012 2191 1167 2232 decem
1202 2189 1411 2231 sextariis
1434 2189 1555 2231 ortlei
1590 2202 1692 2231 cen-

130 2261 348 2313 sualibus,
385 2265 429 2303 et
457 2275 536 2316 pro
564 2262 742 2303 duabus
773 2263 907 2317 peeiis
945 2265 1082 2309 terre,
1118 2275 1205 2317 que
1239 2264 1364 2317 pater
1393 2264 1496 2302 tuus
1527 2260 1637 2301 emit
1670 2274 1696 2301 a

132 2333 386 2375 Raimunilo
425 2333 480 2374 de
523 2328 776 2389 Bejanicis2
818 2334 944 2376 salvo
992 2336 1142 2375 [amen
1177 2335 1221 2374 et
1266 2335 1438 2374 retento
1479 2331 1608 2373 nobis
1652 2334 1697 2372 et

130 2403 465 2446 successoribus
494 2405 674 2452 nostris,
706 2407 749 2446 et
777 2405 820 2446 in
844 2405 940 2447 istis
964 2404 1174 2460 predictis
1198 2405 1375 2445 duabus
1399 2402 1534 2458 peciis
1564 2406 1692 2446 [erre.

130 2478 175 2518 et
200 2475 245 2517 in
269 2475 365 2517 istis
394 2476 550 2517 decem
582 2476 791 2518 sextariis
819 2476 942 2518 ordei
972 2475 1260 2518 censualibus
1289 2488 1376 2530 que
1398 2474 1543 2516 (lictus
1573 2476 1698 2528 pater

130 2548 235 2588 tuus
252 2545 376 2593 emit,
400 2546 617 2595 dominio,
643 2546 845 2589 consilio.
865 2550 909 2589 et.
931 2546 1162 2593 laudumo,
1187 2549 1229 2588 et
1257 2546 1331 2587 illo
1348 2545 1519 2587 usatico
1540 2545 1694 2585 ‹lecem

130 2616 437 2660 denariorium
469 2620 661 2664 tantum,
700 2619 818 2673 quod
841 2621 945 2660 ante
975 2619 1092 2659 huuc
1114 2620 1393 2659 contractum
1430 2616 1691 2671 prestabas:

129 2701 244 2744 quos
265 2689 421 2730 decem
453 2689 662 2730 denarios
693 2689 822 2731 nobis
855 2689 1030 2731 solvere
1060 2689 1224 2731 teneris
1254 2687 1456 2743 quolibet
1482 2699 1617 2737 anno,
1649 2689 1693 2727 et

129 2762 340 2815 aportare
368 2759 412 2800 in
439 2760 575 2801 domo
605 2763 758 2802 nostra
785 2761 829 2801 in
858 2761 971 2802 festo
995 2760 1133 2802 sancti
1166 2759 1322 2815 Egidii.

188 2829 301 2871 Item
331 2829 509 2872 residua
536 2831 772 2873 tresdecim
807 2831 1004 2873 sextaria
1035 2830 1158 2873 ordei
1182 2830 1310 2872 nobis
1339 2829 1591 2885 pmstabus
1615 2840 1694 2882 pro

179 2981 228 3026 (1)
256 2981 382 3018 Cam:
406 2982 484 3017 tria
505 2983 699 3018 sextat-1511.
