2070 3486
760 309 811 313 —
846 283 930 324 533
967 308 1017 313 —-

107 378 318 433 episcopo
354 376 678 430 Mugalonensi,
710 377 860 418 comiti
890 377 1089 430 Metgorii
1125 378 1167 417 ct
1202 374 1579 421 Montisierrandi,
1623 377 1665 415 et

110 449 207 505 ejus
233 447 588 506 successoribus.

170 520 280 562 Item
320 519 535 560 dixerunt
573 520 617 559 et
661 521 958 572 preceperunt
994 517 1097 559 dicti
1138 517 1347 560 arbitri...
1391 517 1511 571 quod
1557 516 1673 557 dictu

111 590 296 633 domina
322 589 531 635 Adaiaiz,
560 589 698 630 tutrix
726 589 946 630 dictorum
984 588 1226 630 liberorum
1267 600 1479 634 suornm.v
1512 590 1556 628 rt
1590 586 1670 641 ipsi

113 661 239 704 liberi
268 661 502 702 solvant...
539 663 584 701 ct
625 659 853 702 remittant
886 659 1070 718 domino
1105 660 1315 714 episeopo
1349 657 1670 713 Magalontnsi,

111 732 265 776 comiti
303 731 502 786 Melgorii
530 735 576 773 et
603 730 983 776 Montisferramli,
1015 733 1058 771 et
1086 730 1419 771 successoribus
1454 729 1562 775 suis,
1595 728 1676 769 im-

113 805 398 860 perpetuum,
425 802 638 857 quicquid
659 801 771 857 juris
791 802 959 844 habent
981 802 1049 843 vel
1071 801 1478 846 vi‹1‹·nt111·l1ahere‚
1508 800 1675 841 ratione

113 873 429 931 possessionis,
456 873 527 915 vel
548 873 852 928 proprietatis
875 873 942 914 vel
963 872 1308 928 jnrisdiecionis,
1341 872 1408 913 vel
1432 871 1519 912 aiio
1543 872 1676 912 modo

113 946 159 988 in
187 948 280 988 toto
307 958 466 987 manso
493 945 548 986 de
577 944 802 991 Malestar,
833 947 876 986 ct
910 943 953 984 in
988 943 1249 985 hominibus
1277 943 1478 998 ejusdcm
1515 941 1675 984 mensi.

114 1019 158 1060 et
172 1016 215 1058 in
235 1018 327 1058 toto
346 1029 505 1058 manso
523 1016 578 1057 de
593 1015 882 1070 Equalongu,
900 1014 1002 1055 etin
1019 1014 1279 1055 lmminibus
1296 1013 1497 1068 ejusdem
1517 1012 1676 1056 mansi,

114 1090 159 1130 et
184 1088 228 1130 iu
256 1100 417 1130 manso
438 1087 491 1128 de
517 1086 759 1128 Velleterra
781 1088 825 1128 et
851 1086 895 1127 in
922 1085 1181 1127 hominibus
1213 1085 1415 1139 ejusdem
1447 1083 1606 1130 mansi,
1639 1087 1681 1123 ct

115 1158 159 1201 in
182 1158 430 1200 honoribus
451 1160 495 1199 et
517 1156 720 1199 terminis
747 1157 969 1198 dictorum
994 1169 1255 1197 mansorum
1278 1154 1548 1200 constitutis,
1574 1157 1617 1195 ct
1637 1154 1679 1194 in

115 1228 327 1271 omnibus
362 1228 462 1270 aliis
501 1230 556 1270 ad
597 1228 739 1270 dictos
775 1241 958 1269 mansos
992 1226 1346 1282 pertinentibuffl
1384 1239 1497 1279 quos
1538 1225 1680 1265 dictos

117 1313 300 1342 mansos
333 1313 436 1342 cum
460 1299 553 1341 suis
580 1298 869 1354 pertinenciis
896 1298 1040 1339 dictus
1070 1297 1281 1339 dominus
1303 1294 1602 1353 (i[11i!lelinus1
1625 1296 1678 1336 de

116 1371 352 1419 Altiniaco‚
377 1371 609 1426 quondam
630 1369 962 1425 Magalonensis
978 1368 1234 1423 episcopus,
1252 1380 1401 1408 comes
1419 1366 1616 1420 Melgorii
1638 1369 1681 1406 et

117 1442 498 1490 Montist'erifflidi,
525 1441 648 1484 dedit
667 1444 711 1483 et
732 1440 915 1483 tradidit
941 1440 985 1481 in
1014 1439 1199 1481 feudum
1223 1439 1493 1480 honoratum
1515 1440 1559 1478 et
1579 1450 1679 1478 cen-

118 1516 266 1556 satum
285 1513 404 1556 dicto
418 1510 1269 1565 JohanniBoccados.seeu11‹h1111qum}
1292 1509 1375 1550 ista
1396 1508 1654 1550 continentn
1664 1522 1681 1547 r

119 1584 163 1627 in
184 1585 383 1640 quodam
405 1584 722 1631 instrumento,
745 1583 865 1625 bulla
887 1583 1100 1638 plumbea
1122 1581 1323 1636 ejusdem
1347 1579 1517 1620 domini
1539 1592 1682 1633 quon-

119 1656 223 1698 dam
243 1655 441 1710 episcopi
465 1654 634 1696 bullato
652 1654 731 1709 (1),
760 1657 803 1696 et
826 1668 904 1709 per
926 1666 1111 1695 manum
1140 1650 1255 1693 Petri
1278 1649 1497 1692 Guntardi
1522 1648 1680 1690 notarii

119 1725 337 1772 confecto,
360 1726 479 1781 quod
497 1725 675 1780 incipit:
698 1724 891 1771 clarum,
911 1727 955 1766 et
976 1723 1130 1764 finitur
1148 1725 1250 1764 ante
1268 1721 1469 1776 [nomen]
1494 1720 1650 1760 notarii
1672 1735 1678 1760 ;

120 1796 365 1840 Boccados.

179 1869 291 1911 Item
332 1869 546 1912 dixerunt
583 1871 627 1910 et
669 1869 968 1923 preceperunt
1004 1865 1110 1908 dicti
1148 1863 1358 1907 arbitri...
1400 1863 1522 1918 quod
1567 1861 1686 1903 dicta

121 1939 306 1982 domina
325 1939 524 1987 Adaioiz,
554 1940 694 1981 tutrix
723 1939 946 1982 dictorum
974 1938 1235 1982 liberorum,
1261 1937 1304 1976 et
1331 1933 1414 1989 ipsi
1441 1932 1568 1974 liberi
1597 1932 1683 1974 sol-

125 2014 286 2055 vant...
319 2014 455 2067 atque
488 2012 658 2053 donent
690 2010 875 2053 domino
911 2007 1218 2064 Magalonensi
1256 2006 1492 2061 episeopo,
1536 2003 1688 2045 comiti

123 2083 323 2138 Melgorii
351 2085 396 2125 et
420 2081 809 2130 Montisfeffandi,
835 2084 879 2124 et
911 2081 1008 2137 ejus
1046 2078 1586 2126 successoribus‚-omnes
1619 2088 1689 2116 ae-

123 2153 288 2202 ciones‚
319 2152 581 2209 peticiones,
612 2155 656 2195 et
682 2153 1037 2208 prosecutiones,
1071 2163 1184 2206 quas
1214 2148 1443 2191 habebant
1473 2146 1539 2188 vel
1568 2146 1690 2187 vide-

125 2225 291 2267 bantur
322 2225 514 2274 hahere,
546 2223 729 2266 nomine
763 2223 868 2266 dicti
896 2222 1115 2265 Johannis
1136 2220 1378 2266 Boccados,
1409 2218 1479 2259 vel
1508 2216 1690 2258 nominc

124 2296 322 2352 proprio,
361 2298 517 2338 contra
550 2294 813 2351 episcopum
845 2294 1211 2350 Magalonensem
1240 2290 1311 2332 vel
1338 2292 1493 2332 contra
1519 2287 1691 2342 episco-

125 2367 245 2423 palia
266 2368 398 2415 bona,
425 2367 497 2410 vel
518 2369 674 2409 contra
693 2366 904 2408 comitem
930 2364 1132 2419 Melgorii
1149 2366 1192 2405 et
1210 2359 1590 2406 Montist'errnndi,
1616 2357 1687 2399 vel

125 2441 280 2481 contra
305 2438 570 2480 comitatum
591 2437 793 2493 Melgorii
821 2440 865 2479 et
892 2434 1280 2481 Montisferrandi,
1314 2432 1381 2474 vel
1405 2433 1559 2472 contra
1590 2443 1691 2484 pro-

127 2509 340 2552 missores
380 2522 457 2551 seu
497 2508 804 2564 fidejussores,
856 2521 935 2550 seu
977 2507 1262 2549 mandatores
1311 2503 1376 2544 vr!
1420 2500 1686 2557 principales

127 2580 378 2628 debitores,
421 2581 550 2622 datos
589 2593 616 2621 a
654 2580 771 2622 dicto
811 2579 996 2621 domino
1042 2576 1320 2633 (;[nillelm.›]
1357 2575 1410 2615 de
1449 2571 1686 2614 Altiniaco.

127 2652 357 2708 quondam
398 2651 610 2706 episcopo
636 2650 967 2706 Magalonensi,
1005 2649 1169 2691 comite
1206 2645 1405 2700 Melgorii
1439 2647 1482 2685 et
1510 2642 1695 2684 Montis-

128 2722 348 2770 ferranffi,
381 2722 452 2764 vel
485 2723 542 2764 ab
575 2722 663 2764 alio
697 2722 909 2777 episeopo
944 2718 1278 2774 Magalonensi,
1322 2716 1388 2758 vel
1429 2715 1525 2769 ejus
1552 2712 1697 2767 gratia

176 2950 223 2996 (1¹)
254 2949 380 2985 Cart:
405 2949 576 2994 pultato.

255 3020 343 3051 Cart.
367 3019 407 3050 de
429 3019 522 3060 May.
548 3037 584 3042 —-
606 3020 641 3050 T.
667 3019 692 3050 11
1534 3010 1572 3039 32
