2070 3486
754 299 1011 341 —597-

104 392 408 448 potenciorem
433 392 575 446 ipsius
597 393 765 434 domini
781 394 976 449 episcopi
996 398 1039 436 ct
1057 395 1232 436 comilis
1248 396 1430 439 donare.
1455 396 1667 441 vendere,

106 466 379 518 permutare,
406 476 484 504 scu
507 463 594 510 alio
624 465 757 512 niodo
778 465 989 507 alivum-0.
1018 480 1104 506 non
1130 479 1386 520 possumus.
1609 464 1611 466 ’

168 534 275 576 Item
305 533 396 576 seio
426 536 471 575 et
491 547 711 587 cognosco
734 536 871 589 qnod.
905 537 1184 577 ninlanlilius
1208 537 1309 578 hinc
1332 537 1432 578 inde
1452 537 1666 581 dominis,

106 605 227 660 quod
248 605 394 646 dictus
432 604 644 646 dominus
682 605 920 660 episcopus
959 610 1000 648 ct
1027 621 1192 651 comcs,
1228 608 1294 648 vol
1324 608 1453 653 alius,
1488 608 1668 649 nomine

105 675 264 732 ipsius,
297 678 488 731 possunt
515 675 699 717 feudum
724 690 801 717 sen
832 676 967 718 feuda
994 677 1089 732 ipsa
1121 678 1343 732 requirere
1364 693 1387 719 a
1419 692 1488 719 me
1511 682 1554 720 et
1572 692 1669 720 suc-

104 746 359 789 cessoribus
383 745 509 793 meis,
544 746 738 801 recipere
767 750 810 789 ct
833 750 981 789 tenere
1014 762 1090 802 pei·
1120 763 1254 790 unani
1284 749 1400 790 diem
1428 752 1600 790 tantum
1626 751 1670 790 ct

105 817 150 859 in
172 816 385 872 expensis
416 817 582 872 ipsius;
610 818 728 872 quod
767 818 948 859 leuduni
986 833 1061 860 sen
1101 819 1230 860 {ouda
1255 820 1350 861 sine
1373 820 1494 861 omni
1521 822 1670 861 extor-

106 887 231 930 sione
267 890 311 929 et
347 887 611 935 exaccione,
653 888 749 943 ipsa
792 889 862 929 ‹lie
903 889 1084 943 elapsa,
1127 890 1310 930 reddere
1351 892 1394 931 et
1436 889 1670 930 restituere

110 961 361 1001 teneantur.

169 1029 215 1070 Si
260 1031 408 1071 tamen
447 1029 726 1085 contingeret
762 1031 881 1084 qnod
921 1029 1066 1071 dictus
1106 1030 1316 1071 dominus
1352 1031 1591 1085 episcopus
1628 1034 1671 1073 ct

108 1113 275 1147 eomes,
312 1103 356 1142 et
391 1114 673 1143 successores
706 1101 791 1147 sni,
819 1101 1035 1143 haberent
1068 1102 1295 1156 querclam
1336 1105 1487 1144 ronti-a
1524 1115 1593 1143 me
1629 1105 1672 1143 ct

108 1184 390 1214 successores
436 1185 588 1219 meos,
637 1186 724 1213 non
782 1172 955 1227 possint
993 1186 1123 1227 agei-c
1170 1187 1247 1213 nec
1289 1172 1457 1227 aliquid
1501 1175 1666 1227 petere.

108 1256 346 1298 quousque
389 1243 485 1299 ipsa
528 1242 662 1285 feuda
700 1243 834 1285 miclii
875 1246 916 1284 ct
960 1243 1295 1285 successoribus
1342 1243 1452 1285 ineis
1499 1243 1669 1285 reddita

110 1313 275 1356 fuerint
295 1313 340 1355 in
363 1314 586 1369 integrum
609 1318 653 1356 et
677 1314 896 1356 restituta.

170 1386 252 1427 Pro
280 1384 445 1441 quibus
485 1385 698 1427 omnibus
725 1388 769 1427 et
796 1385 985 1439 singulis
1013 1399 1094 1440 ego
1125 1385 1350 1440 predictus
1391 1386 1674 1427 Bremundus

109 1457 163 1499 de
192 1456 435 1503 Sumidrio,
468 1470 547 1511 per
572 1470 641 1498 me
664 1459 707 1497 et
730 1470 984 1512 peromnes
1013 1470 1292 1497 successores
1322 1470 1520 1502 meos...
1549 1456 1675 1497 lacus

112 1527 235 1583 prius
268 1540 294 1569 a
338 1540 408 1569 me
436 1528 731 1570 sacrosanctis
772 1528 847 1569 Dei
891 1528 1150 1581 evangeliis,
1200 1528 1417 1582 recipiens
1454 1527 1602 1568 omnin
1633 1530 1677 1568 ct

112 1598 289 1654 singula
315 1612 342 1640 a
376 1599 503 1641 vobis
537 1600 764 1641 Bernardo
786 1600 840 1640 «le
870 1600 1011 1645 Fisco,
1046 1599 1462 1661 procuratoie‹licti
1504 1598 1675 1640 domini

111 1669 306 1726 episcopi
329 1673 372 1711 et
398 1670 590 1717 comitis,
625 1684 703 1726 pro
731 1684 782 1712 eo
811 1674 852 1712 et
882 1671 1063 1712 nomine
1093 1670 1248 1724 ipsius,
1275 1673 1318 1711 ct
1340 1670 1674 1711 successoribus

111 1741 220 1789 suis.
243 1740 342 1797 juro
367 1741 629 1784 fidelitatem
653 1741 769 1783 dieto
790 1741 974 1783 domino
996 1742 1207 1796 episcopo
1226 1744 1270 1782 et
1288 1741 1415 1781 vohis
1435 1740 1676 1795 recepionti

110 1826 278 1869 pro-eo,
305 1812 443 1854 vitam
464 1815 508 1854 et
528 1813 732 1855 membra
760 1813 902 1868 ipsius
925 1826 1120 1859 servare,
1146 1815 1191 1853 et
1213 1826 1281 1853 res
1304 1826 1408 1853 suas
1431 1812 1671 1858 custodire,

110 1886 155 1926 et
179 1883 447 1939 generaliter
472 1897 560 1940 que
590 1885 674 1926 sul)
705 1883 934 1926 fidelitatis
961 1886 1243 1926 sacramento
1277 1886 1467 1938 possunt
1494 1897 1573 1925 seu
1601 1884 1677 1924 de—

110 1955 220 1997 bent
244 1955 586 2010 comprehendi.

169 2025 283 2069 Volo
316 2026 452 2068 etiam
484 2029 528 2068 et
554 2029 705 2069 statuo
733 2026 1085 2082 imperpetuum.
1120 2027 1240 2081 quod
1272 2040 1553 2068 successores
1590 2025 1677 2067 mci

111 2095 342 2140 fidelitatis
378 2101 712 2140 sacramentum
754 2101 797 2140 et
843 2098 1198 2152 reeognicionem
1249 2097 1517 2152 plenariam,
1564 2097 1680 2138 sicut

111 2181 250 2224 supra
276 2168 490 2224 scriptum
525 2173 613 2217 est,
644 2170 762 2212 dicto
786 2170 971 2211 domino
999 2170 1212 2225 episcopo
1240 2172 1281 2211 et
1316 2168 1484 2215 comiti,
1516 2171 1559 2210 ct
1580 2181 1679 2209 suc-

110 2239 365 2283 cessoribus
401 2240 510 2288 suis,
543 2241 612 2282 vel
651 2241 798 2283 locum
839 2254 995 2282 eorum
1037 2241 1223 2289 tenenti,
1270 2240 1434 2282 faciant
1461 2243 1505 2282 et
1535 2239 1676 2281 lacere

112 2312 364 2359 teneantur,
397 2311 678 2354 mutantibus
706 2312 809 2354 hine
841 2312 944 2354 inde
966 2311 1181 2353 dominis.
1221 2313 1367 2366 Super
1387 2311 1552 2366 quilius
1583 2323 1679 2351 om-

109 2382 242 2425 nibus
268 2384 312 2425 et
338 2382 591 2437 singulis...
625 2383 853 2429 renuncia,
887 2383 1156 2426 cercioratus
1188 2384 1242 2424 de
1273 2382 1386 2423 lacto
1421 2385 1465 2423 et
1501 2382 1554 2423 de
1580 2381 1677 2436 jure

109 2453 357 2501 consultus,
389 2454 474 2496 sub
506 2454 624 2496 dicto
652 2457 949 2497 sacramente.
990 2454 1176 2496 minoris
1213 2454 1343 2495 etatis
1367 2452 1600 2497 beneficio,
1635 2454 1679 2493 et

110 2524 279 2568 aecioni
300 2528 346 2568 et
365 2526 623 2582 excepeioni
643 2527 698 2568 de
716 2526 836 2572 dolo,
862 2529 906 2567 et
927 2526 1095 2567 accioni
1118 2526 1159 2567 in
1183 2524 1365 2571 lactum,
1392 2528 1435 2565 et
1459 2522 1677 2565 beneficio

109 2595 275 2651 juris...
313 2596 580 2651 promittens
615 2598 699 2638 sul)
731 2597 849 2639 dieto
890 2599 1171 2638 sacramento
1208 2596 1336 2638 vobis
1366 2595 1592 2636 Bel-nardo
1623 2594 1676 2634 de

112 2667 255 2715 Fisco‚
286 2667 562 2723 procuratori
585 2667 687 2709 dicti
713 2667 882 2709 domini
909 2667 1106 2722 episcopi
1130 2670 1173 2708 vt
1191 2667 1422 2709 comitis...
1451 2680 1519 2706 nn·
1544 2664 1677 2705 nichil

112 2738 336 2781 dixisse...
375 2739 620 2794 quominus
657 2739 810 2780 omnia
842 2739 1053 2780 universa
1081 2741 1124 2779 et
1161 2738 1336 2791 singula
1373 2735 1676 2791 suprascripta

112 2809 330 2865 perhenni
358 2812 402 2852 et
423 2810 670 2852 inviolabili
694 2811 919 2863 gaudeant
945 2809 1175 2851 firmitate.

170 2880 224 2923 Et
249 2894 331 2936 ego
360 2881 614 2923 Bernardus
649 2882 703 2922 de
742 2881 865 2922 Fisco
899 2881 1138 2935 predictus,
1179 2881 1440 2934 provin-atsn-
1473 2876 1575 2918 «livii
1601 2876 1679 2916 do-

117 2951 225 2993 mini
253 2951 451 3007 episcopi
475 2955 519 2994 et
538 2952 730 2998 comitis,
758 2966 836 3006 pro
860 2951 956 3006 ipso
978 2954 1021 2993 ct
1045 2951 1223 2992 nomine
1247 2950 1401 3004 ipsius,
1431 2962 1507 3003 per
1531 2948 1677 3001 ipsum

241 3032 330 3066 Cart.
351 3032 392 3064 de
411 3033 503 3076 May.
522 3051 562 3056 -
581 3034 617 3064 T.
644 3032 673 3063 11
1515 3028 1554 3060 38
