2070 3486
765 330 815 335 -
852 304 938 345 (589
972 329 1022 334 -—

109 401 308 458 plenarie
347 400 597 445 faciendas:
641 402 685 441 et
720 412 854 440 omne
891 399 984 453 jus,
1012 398 1046 439 si
1085 398 1205 452 quod
1234 396 1378 437 habeo
1408 394 1475 435 vel
1506 393 1670 435 habere

111 485 292 530 possem
311 471 356 513 in
372 471 451 518 eis,
469 484 548 512 seu
563 470 608 511 in
626 470 777 524 aliqua
794 473 918 524 parte
939 470 1155 524 ipsorum.
1176 467 1347 508 ratione
1365 464 1667 520 proprietatis,

111 542 432 600 possessionis,
465 541 761 583 successionis
800 541 868 581 vel
912 539 1171 581 hereditatis
1200 540 1408 593 paterne,
1447 536 1489 576 in
1518 549 1599 577 vos
1627 535 1670 577 et

111 627 391 658 successores
424 616 596 654 vestros
626 612 822 667 plenarie
853 610 1093 654 transiet-02
1125 613 1168 651 et
1194 609 1389 651 concedo
1416 607 1545 649 vobis
1571 606 1671 661 jura

111 684 265 728 omnia
296 683 524 726 ordinaria
553 683 621 724 vel
649 682 1021 725 extrasndinnrin.
1049 681 1090 722 in
1123 694 1166 721 re
1197 680 1265 721 vel
1293 679 1338 720 in
1367 690 1574 734 persona,
1602 676 1669 718 vel

111 755 305 802 mixtim,
331 754 513 801 utiliter,
548 753 616 795 vel
638 753 821 799 directo,
849 752 917 794 vel
940 765 1226 807 quocumque
1248 751 1335 793 alio
1359 750 1493 791 modo
1515 747 1666 796 michi,

110 826 156 868 in
183 825 293 882 ipsis
321 825 392 868 vel
419 838 500 880 pro
529 824 653 879 ipsis.
691 823 999 878 competencia
1038 826 1193 864 contra
1225 833 1534 877 quascumque
1574 832 1672 874 per-

111 910 246 940 sonas
268 896 338 939 vel
361 909 446 943 res,
472 895 517 937 in
537 909 617 937 vos
637 895 873 936 domiuum
900 895 1116 948 l'[etrum]
1133 897 1176 935 et
1197 904 1478 935 successores
1496 893 1686 932 vestros

112 967 363 1015 transfero;
399 969 444 1009 et
480 967 525 1008 in
566 980 658 1008 rem
703 969 901 1008 vestram
944 966 997 1006 de
1032 965 1117 1006 hiis
1154 964 1366 1006 omnibus
1401 977 1482 1005 vos
1515 974 1673 1018 procu-

111 1042 308 1082 ratorem
338 1037 474 1086 facio;
513 1038 695 1085 volens,
728 1040 771 1079 et
797 1038 1068 1085 concedens,
1101 1040 1144 1078 et
1173 1036 1392 1078 mandans
1420 1035 1539 1090 quod
1576 1046 1674 1088 pre-

111 1110 333 1152 dictorum
355 1109 560 1151 omnium
579 1109 747 1164 jurium
774 1111 818 1150 et
846 1108 1126 1161 singulorum
1150 1106 1500 1162 possessionem,
1525 1107 1673 1145 vestra

111 1180 294 1236 propria
328 1180 620 1227 auctoritate,
663 1179 1038 1235 apprehendatis,
1075 1178 1353 1220 constituens
1388 1190 1457 1218 me
1496 1175 1672 1217 interim

111 1251 334 1308 premissa
357 1252 472 1307 jura,
513 1254 664 1293 vestro
707 1250 887 1293 nomine
932 1250 1146 1306 precario,
1188 1248 1418 1304 possidere
1458 1250 1501 1289 et
1544 1245 1674 1301 quasi

112 1322 359 1379 possidere.
395 1322 517 1365 nulla
547 1322 832 1378 possessione
863 1335 1000 1377 penes
1030 1334 1099 1362 me
1122 1322 1399 1362 remanente.
1432 1319 1509 1361 sed
1538 1330 1676 1373 penes

113 1408 196 1436 vos
222 1397 266 1443 et
287 1407 570 1436 successores
592 1397 767 1436 vestros
789 1397 833 1435 et
853 1407 967 1448 quos
998 1392 1229 1434 volueritis
1257 1391 1494 1433 existente.

171 1465 331 1508 Adhuc
359 1465 515 1513 vobis,
558 1465 743 1507 domino
784 1464 996 1520 episcopo
1031 1462 1287 1518 stipulanti,
1320 1461 1534 1517 promitto
1556 1461 1675 1515 quod

116 1535 185 1594 [si]
214 1536 259 1578 in
296 1536 531 1592 predictis,
574 1550 655 1592 per
696 1550 768 1577 me
803 1536 873 1577 vel
914 1550 992 1591 per
1024 1536 1192 1576 (lictum
1237 1534 1472 1576 dominum
1503 1535 1676 1588 patrem

114 1620 291 1656 meum,
318 1607 484 1649 factum
514 1607 658 1649 fuerat
680 1607 1056 1662 impedimentum
1079 1606 1278 1660 aliquod,
1309 1604 1557 1659 quominus
1580 1617 1678 1658 pre-

113 1678 230 1721 dicta
249 1678 350 1734 jura
370 1678 524 1720 omnia
545 1681 589 1720 et
609 1678 800 1733 singula,
823 1692 849 1719 a
870 1691 940 1719 me
959 1677 1087 1719 vobis
1108 1690 1249 1723 cessa,
1271 1677 1434 1717 habere
1458 1678 1501 1716 et
1524 1678 1673 1716 tencre

114 1747 237 1807 [non]
270 1749 486 1805 possetis,
520 1749 628 1791 illud
653 1752 796 1791 totum
830 1750 886 1791 ad
910 1749 1189 1790 voluntatem
1224 1750 1418 1789 vestram
1447 1747 1614 1788 curabo
1636 1748 1680 1787 et

114 1819 275 1863 faciam
304 1821 485 1876 penitus
512 1821 728 1863 revocari.

173 1891 355 1934 Necnon
370 1895 414 1934 et
428 1892 641 1934 universa
655 1892 809 1934 omnia
832 1892 1131 1934 instrumenta
1152 1893 1195 1933 et
1217 1890 1409 1944 singula,
1431 1902 1518 1945 que
1535 1889 1679 1930 habeo

114 1965 158 2006 et
183 1976 270 2018 que
299 1963 597 2019 imposterum
633 1964 799 2006 habere
829 1966 999 2018 potero,
1042 1963 1099 2004 ad
1131 1961 1331 2017 predicta
1358 1959 1573 2003 facient-ia
1600 1973 1678 2001 seu

112 2035 170 2077 ad
194 2034 396 2090 aliquam
423 2038 598 2090 partem
617 2035 836 2090 ipsorum.
859 2048 997 2090 quam
1026 2033 1161 2076 cicius
1189 2046 1241 2075 ea
1268 2032 1514 2083 inveniam,
1546 2031 1676 2073 vobis

114 2105 348 2147 restituam
378 2106 550 2161 absque
578 2106 729 2162 aliqua
756 2106 1020 2161 questione:
1052 2108 1095 2147 et
1129 2104 1203 2146 illa
1232 2117 1319 2159 que
1361 2117 1479 2145 nunc
1514 2103 1674 2149 habeo,

113 2176 171 2218 ad
192 2176 391 2231 predicta
417 2176 687 2232 spectancia,
715 2178 842 2218 trado
871 2176 1000 2217 vobis
1028 2177 1083 2218 de
1115 2175 1334 2231 presenti;
1365 2178 1409 2216 et
1436 2174 1583 2229 quoad
1607 2187 1679 2215 me

114 2247 269 2290 omnia
287 2247 587 2290 instrumenta
609 2251 654 2290 et
674 2247 865 2302 singula,
892 2248 1057 2303 quibus
1083 2247 1228 2302 juvari
1252 2259 1433 2301 possem
1463 2245 1505 2286 in
1527 2244 1679 2299 aliquo

113 2319 171 2361 ad
198 2320 634 2361 contraveniendum
669 2319 894 2375 predictis,
932 2319 1059 2361 deleo
1087 2319 1142 2360 de
1178 2317 1374 2373 presenti
1402 2316 1598 2372 penitus,
1638 2318 1681 2357 et

115 2390 286 2438 anullo,
312 2393 357 2433 et
377 2391 544 2433 nullius
566 2391 733 2433 valoris
755 2404 852 2433 esse
878 2390 979 2431 volo
1001 2405 1008 2437 ;

176 2461 229 2503 Et
253 2461 375 2504 omni
414 2462 702 2517 privilegio...
746 2462 972 2508 renuncio,
1011 2464 1054 2503 et
1090 2460 1213 2502 omni
1251 2460 1338 2515 juri
1381 2459 1500 2514 quod
1545 2458 1679 2500 michi

116 2532 259 2588 possit
284 2532 496 2588 opitulari
521 2534 579 2575 ad
607 2534 1041 2576 contraveniendum
1065 2532 1291 2588 predictis.
1316 2531 1368 2573 Et
1387 2531 1423 2572 si
1445 2530 1557 2572 torte
1582 2543 1680 2585 pre·

115 2603 234 2646 dicta
261 2617 349 2646 non
377 2605 684 2650 observarem,
710 2606 830 2660 quod
855 2605 971 2646 Deus
993 2605 1214 2650 advertat,
1248 2616 1327 2645 seu
1361 2601 1673 2656 adimplerem,

118 2677 262 2717 totum
289 2677 540 2732 dampnum
574 2681 617 2719 et
654 2689 901 2731 gravamen
941 2679 984 2717 et
1020 2688 1261 2730 expensas,
1305 2687 1418 2729 quas
1456 2673 1559 2714 inde
1598 2685 1678 2713 vos

117 2745 261 2789 facere
281 2750 523 2803 oporteret,
551 2748 782 2790 restituam
808 2747 936 2789 vobis
958 2747 1095 2788 libere
1118 2749 1162 2789 et
1184 2746 1227 2787 in
1251 2758 1373 2800 pace.
1407 2745 1490 2786 Pro
1512 2744 1678 2798 quibus

116 2817 329 2860 omnibus
355 2821 398 2860 et
425 2819 628 2873 singulis,
661 2818 868 2873 superius
898 2832 925 2859 a
952 2831 1023 2859 me
1047 2817 1297 2873 promissis,
1328 2814 1608 2870 complendis
1636 2816 1680 2854 et

115 2889 427 2936 observandis,
456 2890 584 2931 vobis
604 2893 647 2932 et
668 2890 826 2931 vestris
846 2889 1181 2931 suec(.=ssorilnis
1205 2886 1507 2929 restituendis.
1529 2885 1678 2939 obligo

119 2974 191 3003 me
217 2964 262 3003 et
287 2962 441 3003 omnia
463 2963 582 3004 bona
603 2975 705 3003 mea
725 2960 879 3003 habita
900 2963 943 3002 et
965 2960 1186 3002 habenda.
