2070 3486
762 390 809 397 -
851 365 934 406 793
972 391 1022 398 ——

106 462 343 502 numerata
388 458 630 514 pecnnia...
678 458 726 500 Et
767 458 834 515 [si]
873 459 1131 514 supradicta
1167 460 1365 502 venditio
1393 463 1459 501 est
1488 459 1670 515 majoris

107 531 297 586 precii...
331 531 437 572 illud
462 534 605 571 totum
631 530 758 571 vobis
781 533 823 571 et
848 531 1008 572 vestris
1031 532 1311 573 donamus...
1339 532 1447 573 Item
1470 532 1673 572 cedimus

110 602 238 644 vobis
260 605 304 644 et
324 602 539 643 vestris...
563 614 721 643 omnes
739 601 993 643 actiones...
1017 607 1058 642 et
1084 602 1182 657 jura
1211 603 1362 644 omnia
1390 617 1477 657 qne
1502 602 1672 644 ratione

112 673 248 716 totius
274 673 380 715 dicti
411 673 594 715 honoris
623 672 751 714 nobis
785 686 903 714 nunc
939 676 982 714 et
1023 674 1186 715 nostris
1217 687 1504 728 quocumque
1538 674 1673 715 modo

108 747 424 800 competunt...
458 744 659 799 exceptis
698 746 847 785 tamen
882 744 1216 785 conditionibus
1253 748 1293 786 et
1329 744 1514 787 retentis
1544 744 1673 785 nobis

108 818 154 857 et
175 815 341 858 nostris
361 829 496 870 supra
517 814 674 870 positis
697 816 740 855 et
764 814 1006 856 nominatis
1031 818 1077 856 nt
1099 819 1203 857 sunt
1225 816 1441 862 dominia,
1466 815 1669 862 consilia,

108 886 325 929 laudimia
345 889 390 928 et
411 885 636 928 usatica...
654 885 705 927 Et
728 888 931 940 preterea
954 886 1007 927 de
1030 886 1148 927 dieto
1172 887 1339 928 honore
1363 886 1672 941 poeessionem

108 957 388 1013 corporalem
435 956 564 998 vobis
604 970 932 999 evacuamus...
978 960 1021 998 et
1061 970 1191 998 veros
1226 958 1434 999 dominos
1478 957 1581 998 hine
1621 958 1675 998 de

107 1028 308 1084 presenti
339 1027 582 1070 facimus...
619 1031 662 1069 et
698 1028 1006 1083 promittimus
1037 1028 1219 1069 vobis...
1252 1030 1372 1084 qnod
1404 1032 1546 1070 lotum
1576 1042 1676 1083 pre-

107 1100 278 1142 dictum
306 1099 581 1141 honorem...
617 1099 832 1141 faciemus
861 1113 941 1141 vos
968 1102 1013 1141 et
1041 1102 1215 1141 vestros
1244 1114 1423 1155 semper
1450 1100 1671 1141 habere...

108 1174 153 1214 et
179 1171 345 1226 legales
371 1170 633 1213 defensores
662 1171 764 1212 inde
789 1170 916 1212 vobis
939 1171 1120 1218 erimus,
1155 1174 1195 1212 et
1224 1171 1476 1226 speeiaiiter
1497 1172 1554 1212 ab
1582 1184 1675 1212 om-

109 1242 244 1284 nibus
271 1241 607 1284 suecessoribus
637 1241 823 1289 nostris;
855 1241 917 1282 ita
943 1241 1153 1283 videlieet
1180 1245 1309 1296 paeto
1338 1242 1474 1297 quod,
1507 1242 1543 1283 si
1579 1255 1677 1297 pre-

109 1312 216 1355 dieti
249 1315 328 1355 aut
359 1312 513 1367 aliqua
540 1312 627 1364 alia
656 1325 848 1367 persona
882 1311 1052 1366 aliquid
1090 1312 1149 1353 ibi
1186 1312 1469 1367 petiverit‚...
1514 1326 1595 1353 nos
1635 1314 1678 1353 et

111 1383 307 1426 nostri...
341 1386 480 1425 totam
510 1383 632 1425 illam
669 1382 792 1424 litem
833 1385 877 1424 et
911 1383 1142 1437 querelam
1179 1383 1453 1438 suvipiomus
1491 1387 1588 1425 et...
1619 1384 1676 1424 nl)

108 1455 236 1497 initio
263 1468 397 1497 cause
420 1468 562 1510 usque
584 1456 639 1496 ad
665 1454 818 1501 linem,
842 1457 885 1495 et
911 1455 967 1495 de
997 1457 1088 1495 toto
1110 1455 1309 1509 dampno
1332 1458 1373 1495 et
1394 1455 1674 1507 gravamine,

107 1525 334 1569 credimus
354 1526 482 1568 vobis
510 1525 605 1567 solo
625 1525 818 1580 simplici
839 1526 977 1567 verbo
995 1528 1199 1567 vestro...
1226 1529 1269 1568 et
1295 1529 1450 1567 eontra
1479 1526 1558 1568 hee
1581 1539 1680 1581 pre-

108 1598 227 1641 dicta
249 1597 318 1640 vel
337 1597 522 1652 aliquod
545 1597 705 1639 horum
728 1610 961 1652 nunquam
985 1597 1274 1639 veniemus...
1300 1597 1614 1639 renunciantes
1634 1597 1678 1638 in

109 1669 180 1712 his
205 1669 474 1712 omnibus...
506 1668 592 1723 legi
626 1682 716 1723 qua
748 1671 933 1710 cavetur
966 1669 1084 1710 ultra
1122 1668 1356 1710 dimidiam
1395 1668 1502 1724 justi
1543 1669 1678 1724 precii

111 1741 374 1796 deceptione
412 1753 547 1796 posse
584 1740 811 1782 reeindere
846 1743 1124 1782 contractum
1167 1740 1237 1781 vel
1275 1754 1406 1795 agere
1444 1741 1500 1782 ad
1541 1740 1676 1795 precii

110 1813 473 1868 suplementun1;
506 1826 586 1854 nec
614 1811 857 1854 lecimus...
890 1812 1134 1867 quominus
1167 1812 1301 1853 hee...
1342 1811 1473 1853 l‘irma
1503 1825 1678 1867 perma-

108 1887 300 1927 neant...
331 1883 584 1938 obligantes
620 1883 723 1925 inde
753 1883 880 1925 vobis
903 1883 1114 1925 omnibus
1137 1886 1181 1925 et
1203 1883 1364 1925 vestris
1393 1884 1512 1925 bona
1542 1883 1677 1925 totius

109 1955 398 2011 episcopatus
421 1954 579 1997 nostri.

167 2027 278 2068 Acta
321 2028 426 2068 sunt
472 2026 553 2068 hee
604 2028 649 2067 et
699 2025 962 2067 solemniter
998 2025 1244 2072 celebrata,
1292 2039 1412 2066 anno
1447 2024 1677 2066 Dominiee

108 2097 437 2140 Incarnacionis
465 2098 524 2139 Μο
547 2096 628 2138 CC⁰
651 2096 795 2144 LVIl⁰‚
833 2096 1042 2138 videlicet
1077 2097 1189 2138 VIIII
1231 2096 1449 2138 kalendas
1477 2096 1674 2149 augusti.

112 2169 155 2211 in
179 2169 406 2225 presentia
421 2172 465 2211 et
487 2168 746 2211 testimonio
768 2168 938 2210 domini
963 2168 1189 2209 Guillelmi
1213 2167 1492 2215 Clu-istnlori,
1516 2167 1679 2223 judicis

111 2240 384 2283 venerabilis
414 2240 552 2296 patris
581 2239 764 2295 predicti
794 2239 965 2281 domini
995 2239 1344 2294 Mngalonensis,
1377 2242 1418 2280 el
1449 2239 1596 2280 l‘oneii
1627 2238 1680 2278 (lu

112 2311 410 2369 Fofflaquier,
433 2315 477 2354 et
494 2311 720 2353 Guillelmi
741 2312 795 2352 de
817 2311 1048 2366 Claperiis.
1075 2314 1116 2352 et
1142 2311 1288 2352 l'oneii
1311 2310 1513 2352 Guitardi
1537 2309 1680 2352 arelli-

112 2383 377 2439 presffiteri,
416 2382 617 2425 canonici
645 2382 1009 2438 Magalonenses;
1053 2385 1096 2425 et
1131 2382 1330 2423 Arnaudi
1370 2381 1570 2429 l'trandi,
1602 2380 1677 2436 qui

112 2454 200 2497 alio
217 2455 398 2497 nomine
416 2458 603 2497 vocatur
616 2454 786 2499 Merna,
808 2453 946 2510 bajuli
963 2457 1213 2495 castrorum
1231 2454 1376 2509 (lijani
1397 2457 1440 2495 et
1459 2452 1675 2497 Balasiici:

112 2529 156 2569 et
183 2526 401 2582 Stephani
434 2525 652 2573 Catalani‚
684 2525 848 2581 publici
886 2525 1045 2566 notarii
1074 2525 1221 2580 (lijani
1250 2528 1293 2566 et
1321 2524 1551 2571 Balasuei,
1583 2523 1675 2579 qni,

48 2600 51 2601 ’
113 2598 355 2640 mandatus
395 2597 649 2653 specialiter
682 2610 709 2638 a
750 2596 949 2651 predicto
984 2599 1109 2651 patre
1145 2596 1388 2638 venerabili
1426 2599 1469 2637 et
1496 2595 1680 2637 domino

114 2668 423 2724 Magalonensi
451 2668 678 2723 episcopo,
713 2670 756 2710 et
790 2670 972 2723 rogatus
1000 2681 1026 2709 a
1055 2667 1266 2722 predictis
1293 2667 1554 2708 consulibus
1583 2680 1681 2721 pre-

116 2740 336 2783 nominati
358 2740 492 2783 castri
517 2740 572 2782 de
601 2739 838 2786 Balasueo,
873 2739 955 2781 hec
976 2738 1125 2780 omnia
1150 2742 1193 2780 et
1215 2738 1388 2791 singula
1419 2738 1610 2793 scripsit,
1637 2740 1678 2778 et

117 2811 296 2866 signum
321 2811 535 2867 apposuit
561 2824 709 2852 ¹suum.

671 2893 768 2931 (neg.
791 2892 827 2929 B,
851 2892 907 2922 fol.
932 2892 1059 2929 112x·⁶;
1084 2892 1174 2922 edit-'¹
1200 2901 1263 2931 par
1283 2891 1445 2921 Germain
1468 2891 1556 2921 «lans

720 2944 903 2983 l’r1'1·ils›qps
922 2950 950 2974 5²!
973 2945 1170 2975 l''1·(lm·l15'.s·ae¹.v
1190 2945 1230 2974 alo
1252 2944 1408 2976 Ralm'm:
1443 2945 1558 2974 Pii-res

717 2999 980 3036 justificatis-os,
1007 2999 1042 3032 Ι).

244 3108 333 3139 Care.
355 3107 395 3138 ae
413 3107 503 3149 my.
532 3125 564 3130 -
590 3106 625 3136 T.
654 3105 680 3135 n
1521 3105 1557 3137 :·.1
