2070 3486
1000 278 1055 284 —
1088 253 1174 295 (380
1207 279 1260 286 -

351 351 634 406 episcopatus
675 348 1004 401 Magalenensis
1043 351 1086 389 et
1125 348 1366 390 comitatus
1406 348 1607 402 Nlelgorii
1643 352 1687 391 et
1725 350 1911 392 Montis-

354 421 568 462 frrrandi:
595 424 631 460 vl
660 420 797 460 eriam
819 419 1024 473 promisit
1045 419 1257 460 dominus
1277 419 1531 474 episeopus,
1563 421 1680 475 quod
1712 421 1911 475 predicta

349 493 497 533 onmia
545 492 671 532 faciet
712 490 878 531 landari
922 493 965 531 et
1000 489 1257 532 confirmari
1301 504 1325 532 a
1370 494 1594 538 conventu
1635 494 1679 533 et
1714 491 1910 546 capitulo

350 562 670 615 Magalonensi.

409 633 458 674 Et
484 633 624 674 eriam
655 631 851 678 recitata,
879 631 1258 673 renunciaverunt
1278 632 1393 673 dicte
1417 634 1566 688 partes
1592 632 1904 687 appellacioni‚

347 703 684 745 canlra‹licti‹›ni
715 706 758 744 et
791 702 1098 743 emendacioni
1140 702 1377 757 cujuslibet
1413 703 1518 744 boni
1560 703 1672 753 viri,
1703 706 1746 745 et
1784 703 1908 745 omni

346 774 417 815 alii
440 774 524 829 juri
548 774 761 815 canonico
783 776 828 815 et
847 773 984 820 civili,
1007 773 1203 828 generali
1232 777 1275 815 et
1303 773 1499 828 speciali,
1521 774 1687 829 quibus
1709 774 1909 830 quelibet

346 858 448 899 pars
471 847 623 899 posset
650 858 696 885 sc
724 846 879 885 eontra
905 843 1100 898 predicta
1125 843 1384 886 deffendere
1415 844 1485 885 vel
1511 844 1638 885 tucri.

403 916 455 956 Et
476 929 557 956 nos
586 915 838 956 Bernardus
867 915 921 955 de
952 914 1240 962 Muroveteri,
1274 915 1605 969 Magalonensis
1630 915 1902 971 prepositus,

345 989 387 1028 et
412 1000 494 1027 nes
521 986 708 1027 Micliael
745 986 799 1027 de
835 985 1050 1037 Moresio,
1080 986 1310 1028 Joliannes
1338 986 1572 1034 AtbrandL
1604 986 1904 1029 archidiaconi

344 1057 705 1113 Magalonenses,
740 1057 928 1099 Poncius
965 1058 1019 1098 dc
1057 1057 1242 1099 Lunello
1279 1057 1480 1106 sacrista,
1523 1057 1804 1100 Raimundus
1850 1058 1906 1100 de

343 1128 626 1170 Claromonte
660 1128 902 1170 canonieus
937 1130 980 1170 et
1014 1128 1134 1182 prior
1168 1128 1317 1170 Sancti
1353 1130 1529 1171 Andree
1562 1130 1615 1171 de
1650 1130 1903 1184 Novegens,

345 1201 500 1241 Petrus
519 1200 573 1241 de
596 1199 788 1241 Liurano
809 1199 932 1254 prior
948 1200 1008 1241 de
1028 1198 1240 1247 Fabricis‚
1262 1199 1518 1242 Willelmus
1540 1200 1594 1241 de
1618 1201 1764 1243 Roure
1786 1199 1908 1256 prior

343 1272 397 1312 de
412 1270 560 1317 sidaec,
576 1271 832 1313 &villelmus
855 1270 1063 1312 Salvator
1077 1271 1199 1325 prior
1220 1271 1370 1314 Sancti
1391 1270 1624 1319 Desiderii,
1647 1270 1906 1314 WVillelmu's

342 1342 479 1384 Brieci
519 1342 837 1384 canonicorum
880 1342 1298 1395 Magalonencium,
1349 1342 1558 1390 licencia,
1610 1343 1824 1385 mandato
1863 1345 1908 1385 et

342 1413 571 1455 voluntate
612 1414 714 1455 dicti
752 1413 984 1468 prepositi,
1027 1413 1225 1468 predicta
1252 1413 1405 1455 omnia
1442 1414 1698 1462 laudamus,
1725 1406 1906 1470 cappro*-

342 1486 502 1526 hamus
537 1487 581 1526 et
614 1484 954 1531 confirmamus,
987 1484 1177 1526 scientes
1215 1487 1260 1526 et
1300 1488 1647 1540 recognocentes
1682 1485 1837 1527 omnia
1863 1488 1907 1527 et

341 1555 517 1610 singula
544 1555 801 1610 supradicta
822 1556 1055 1597 voluntate
1077 1558 1121 1598 et
1140 1569 1331 1598 assensu
1352 1559 1507 1598 nostro
1529 1555 1623 1598 fore
1646 1555 1773 1598 facta.

399 1628 509 1669 Acta
544 1630 649 1669 sunt
683 1627 764 1669 hec
796 1627 950 1669 omnia
977 1630 1020 1669 et
1055 1627 1232 1682 singula
1259 1627 1517 1682 supradicta
1542 1629 1665 1683 apud
1685 1628 1906 1671 Montem-

340 1699 650 1753 pessulanum,
682 1698 724 1739 in
754 1711 932 1740 camera
958 1698 1129 1740 domini
1158 1699 1274 1754 regis
1301 1712 1390 1754 que
1411 1701 1480 1741 est
1500 1699 1631 1755 juxta
1659 1699 1901 1754 palacium,

341 1769 507 1812 scilicet
532 1783 651 1811 anno
679 1769 907 1812 Dominice
942 1770 1271 1812 Incarnacionis
1305 1771 1365 1812 ΜΟ
1387 1770 1470 1813 CC⁰
1505 1770 1900 1826 quinquagesimo,

339 1855 456 1883 nono
496 1842 710 1883 kalendas
742 1841 916 1886 marcii,
952 1842 995 1883 in
1028 1841 1263 1897 presencia
1289 1844 1333 1884 et
1364 1842 1621 1884 testimonio
1648 1842 1906 1897 Berengarii

339 1912 567 1955 Guillelmi
591 1913 762 1954 domini
792 1914 847 1955 de
875 1912 1177 1961 Claromonte,
1201 1913 1316 1955 Petri
1346 1914 1400 1956 de
1429 1913 1626 1956 Fabricis
1650 1915 1705 1956 de
1731 1913 1905 1957 Fronti-

342 1984 489 2031 niano,
519 1984 735 2026 Willelmi
761 1985 814 2026 de
844 1985 985 2032 Pavo,
1027 1985 1143 2026 Petri
1174 1984 1413 2032 Bonifaeii,
1446 1984 1687 2027 Raimundi
1714 1987 1769 2028 de
1790 1985 1902 2028 Con-

339 2055 432 2097 chis
455 2058 498 2097 et
521 2056 759 2097 Raimnndi
792 2056 848 2097 de
878 2055 1069 2097 Conchis
1104 2056 1200 2111 ejus
1231 2055 1325 2104 filii,
1358 2057 1529 2099 Marchi
1555 2058 1610 2099 de
1637 2056 1905 2099 Tornamira

336 2125 596 2181 jurisperiti,
621 2127 738 2168 Petri
755 2128 810 2168 de
831 2126 1016 2169 Cumbis
1035 2127 1296 2182 jurisperiti,
1320 2128 1552 2170 Bertrandi
1573 2127 1803 2184 d’Aqones
1820 2128 1897 2184 (1),

338 2197 577 2239 Raimundi
605 2199 658 2239 de
691 2199 807 2240 l'avo
835 2202 879 2241 et
905 2198 1133 2240 Guillelmi
1166 2200 1220 2241 de
1252 2200 1374 2241 Pavo
1400 2199 1579 2255 juvenis
1614 2199 1833 2249 militum,
1857 2202 1903 2242 et

338 2268 533 2322 plurium
562 2268 777 2317 alioruin,
822 2272 865 2311 et
898 2270 985 2311 mei
1015 2269 1233 2312 Johannis
1261 2270 1489 2319 Virarelli,
1520 2267 1688 2326 publici
1714 2270 1902 2313 Montis-

335 2340 563 2393 pessulani
587 2340 761 2387 notarii,
787 2340 879 2396 qui,
911 2342 1126 2383 mandato
1148 2341 1368 2383 dictarum
1391 2342 1608 2397 parcium,
1640 2342 1721 2384 hec
1747 2342 1902 2384 omnia

339 2411 509 2465 scripsi.

398 2519 500 2559 Post
518 2519 599 2560 hec
615 2532 734 2561 anno
756 2521 915 2562 eodem
938 2534 1028 2575 quo
1051 2533 1202 2575 supra,
1226 2520 1393 2562 scilicet
1413 2520 1466 2561 lll
1489 2520 1707 2562 kalendas
1723 2519 1893 2569 marcii,

336 2588 481 2630 Guido
503 2589 645 2645 Caput
664 2591 786 2632 Porci
803 2591 1106 2646 jurisperitus,
1128 2591 1313 2633 veniens
1334 2593 1455 2647 apud
1477 2591 1777 2646 Magalona1n‚
1798 2591 1894 2633 red-

335 2660 447 2701 didit
481 2661 664 2702 domino
711 2660 869 2719 l'[etro}
889 2697 896 2709 ‚
943 2661 1020 2704 Dei
1062 2663 1207 2718 gratia
1248 2663 1557 2718 Magalonensi
1596 2662 1823 2718 episcopo,
1854 2665 1900 2705 et

334 2731 528 2785 capitulo
552 2732 754 2787 ejusdem
782 2733 890 2781 loci,
921 2735 1141 2788 quasdam
1171 2734 1342 2776 litteras
1370 2737 1550 2789 apertas
1577 2733 1749 2776 domini
1779 2733 1896 2788 regis

336 2803 610 2857 Aragonuin,
629 2804 774 2858 sigillo
790 2804 930 2846 eciam
953 2818 1035 2846 suo
1058 2805 1291 2859 sigillatas,
1317 2818 1511 2860 quarum
1533 2808 1663 2847 tenor
1683 2804 1785 2847 talis
1808 2807 1890 2846 est.

386 2921 432 2965 le)
462 2923 586 2957 Cart:
612 2922 807 2957 nationes.
842 2964 844 2967 .

1944 1337 1954 1354 Q
