2070 3486
778 355 1037 398 —183-

126 449 324 493 narium.
356 451 672 505 quodcumque
701 453 743 492 et
772 451 1101 507 qualecumque
1125 453 1203 498 sit,
1236 455 1356 507 quod
1387 454 1471 495 dici
1495 458 1536 496 et
1566 468 1694 496 exco-

124 519 254 575 gitari
282 520 439 575 possit,
472 520 601 562 vobis
621 524 883 575 competens
906 521 949 562 in
981 525 1070 563 tota
1100 523 1173 564 illa
1195 525 1424 577 qnondam
1449 525 1693 579 lmgadaria

125 593 170 633 et
201 592 337 633 domo
365 594 408 633 et
441 590 548 633 turri
572 580 630 632 ⁴et
668 591 883 633 localibus
921 606 1007 646 qne
1045 597 1145 634 sunt
1191 595 1258 635 vel
1299 594 1475 636 luerunt
1512 597 1565 636 ad
1599 596 1694 637 Sai—

127 661 351 704 malenses
388 662 515 717 juxta
555 662 810 704 molendina
855 662 1065 706 Bia-hals:
1113 667 1149 704 et
1196 665 1238 705 in
1282 669 1370 707 tota
1413 666 1606 721 ripperia
1638 669 1692 708 «le

125 732 374 788 Samalegis
401 736 445 775 et
465 733 561 788 ejus
586 733 889 787 pertinentiis.
917 734 1026 775 sicut
1059 749 1258 789 unquam
1289 737 1435 778 (lictus
1463 738 1690 780 Gerardus

123 803 287 846 Calvus
310 807 437 859 pater
458 804 560 849 mei.
588 804 741 846 Marie.
770 805 966 859 predicta
990 806 1143 847 habuit
1172 806 1237 848 vel
1264 808 1401 848 tenuit
1429 809 1496 850 vel
1520 809 1689 864 aliquid

123 875 444 930 predictorum.

181 946 279 988 Tibi
299 946 506 988 similiter
526 946 729 988 onmium
751 946 823 1001 jus
847 946 1072 989 fructuum
1096 952 1135 989 et
1160 949 1488 991 obventionum
1513 965 1690 992 eorum-

122 1018 224 1060 dem
261 1016 411 1072 (blane
443 1017 497 1059 cle
528 1018 557 1058 4
584 1019 737 1068 emm).
782 1020 901 1073 quod
945 1019 1074 1060 nobis
1107 1019 1259 1074 aliquo
1295 1022 1429 1062 modo
1456 1023 1686 1076 competit,

125 1088 192 1130 vel
221 1092 474 1144 competere
496 1092 643 1144 potest
672 1089 738 1131 vel
763 1090 911 1132 (lebet.
947 1091 1167 1131 adversus
1195 1091 1419 1146 quaslibet
1455 1107 1685 1147 personas.

123 1160 193 1202 vel
215 1173 300 1207 res,
332 1160 514 1202 nomine
545 1160 613 1202 vel
642 1161 875 1202 occasione
906 1161 1226 1216 predictorum.
1254 1162 1332 1203 tibi
1369 1163 1575 1205 similiter
1603 1165 1689 1205 sol-

123 1231 325 1273 vimus...
351 1234 395 1273 et
418 1231 490 1287 jus
518 1232 816 1286 possessionis
844 1236 887 1274 et
916 1232 1203 1287 proprietatis
1230 1235 1445 1277 cedendo.
1471 1235 1691 1277 irrevoca—

121 1301 269 1345 biliter
287 1302 367 1345 tibi
393 1305 435 1345 et
465 1303 552 1345 tuis
574 1303 888 1347 concedimus:
921 1303 1113 1345 scientes
1135 1307 1175 1345 et
1205 1309 1526 1358 cognoscentes
1555 1320 1635 1347 nos
1663 1322 1686 1348 a

120 1376 161 1416 te
190 1373 402 1416 habuisse
427 1374 607 1415 nomine
636 1373 938 1429 predictarum
961 1375 1275 1416 cessionum...
1302 1376 1455 1417 decem
1481 1376 1616 1417 libras
1644 1380 1685 1418 et

118 1445 273 1487 decem
309 1445 505 1488 solidos.
540 1445 582 1486 in
623 1445 788 1500 quibus
829 1460 883 1487 ex
926 1449 1046 1487 certa
1083 1446 1269 1488 scientia
1303 1447 1557 1502 exceptioni
1599 1462 1685 1489 non

119 1519 353 1558 numerate
371 1516 583 1572 peccunie
607 1516 951 1561 renunciamus:
978 1517 1349 1572 promittentes...
1379 1518 1491 1560 lacta
1510 1532 1535 1560 a
1556 1519 1686 1560 nohis

120 1587 454 1629 renunciatione
477 1587 633 1629 auxilii
662 1587 902 1642 cujuslibet
926 1588 1037 1642 juris
1065 1588 1273 1642 scripti...
1305 1602 1395 1643 quo
1429 1589 1560 1630 alicui
1588 1604 1687 1644 pre-

118 1658 386 1713 scriptorum
416 1658 589 1700 obvim-i
620 1662 771 1713 posset
799 1659 869 1699 vel
897 1659 980 1700 dici
1007 1659 1072 1701 vel
1106 1659 1256 1701 lieri...
1290 1660 1348 1702 ita
1371 1661 1678 1703 tenebimus...

177 1730 332 1772 Testes
360 1733 465 1771 sunt
493 1730 723 1772 Johannes
749 1731 803 1771 (le
838 1730 955 1772 Latis
983 1731 1252 1778 causidicus,
1283 1731 1552 1773 Guillelmns
1580 1733 1683 1773 Boc-

115 1801 267 1847 cados‚
300 1801 458 1843 Petrus
479 1801 533 1843 de
554 1801 785 1856 Gigacino.
820 1804 863 1843 et
885 1802 977 1856 Ugo
1000 1802 1231 1844 Laurencii
1257 1802 1473 1844 notarius.

1116 1897 1214 1935 (Reg.
1237 1897 1271 1933 C,
1295 1897 1352 1928 fol.
1383 1896 1439 1928 133
1463 1902 1516 1934 r⁰).

510 2146 746 2183 CCCLXIII.
777 2167 820 2171 —
850 2146 892 2181 18
920 2145 1160 2193 septembre
1190 2145 1279 2181 1218

224 2272 511 2308 Testament
536 2272 597 2308 de
624 2272 762 2308 Pons
789 2272 981 2315 Pierre‚
1010 2272 1240 2318 seigneur
1266 2272 1326 2308 de
1353 2271 1569 2319 Ganges.

170 2376 216 2417 ln
244 2375 427 2417 nomine
457 2375 649 2417 Domini.
683 2378 813 2417 Anno
848 2375 1172 2417 Incarnationis,
1201 2375 1405 2430 ejusdem
1439 2375 1680 2418 millesimo

109 2445 371 2493 CC⁰XV111⁰,
394 2447 508 2488 XllII
523 2447 741 2489 kalendas
760 2446 970 2489 octobris,
995 2460 1076 2501 ego
1100 2446 1290 2488 Poncius
1311 2446 1444 2495 Petri,
1467 2447 1679 2489 dominus

111 2517 330 2573 Agantici‚
361 2518 572 2572 quamvis
602 2531 706 2573 eger
732 2530 931 2572 corpore,
961 2519 1112 2559 tamen
1140 2517 1186 2558 in
1220 2530 1322 2559 mea
1351 2518 1471 2559 bona
1499 2531 1609 2560 sana
1636 2522 1678 2560 et

108 2587 282 2643 integra
303 2588 536 2635 memoria,
562 2602 715 2630 meum
744 2588 805 2630 sic
825 2589 969 2630 condo
994 2591 1332 2630 testamentum.

167 2660 215 2701 ln
237 2659 395 2715 primis
417 2659 620 2716 relinquo
642 2674 805 2715 corpus
824 2674 977 2703 meum
997 2674 1077 2715 pro
1099 2660 1330 2715 sepultura
1351 2661 1543 2702 Domino
1563 2663 1669 2706 Deo,

108 2733 152 2773 et
176 2731 309 2773 Beate
338 2731 492 2779 Marie,
524 2735 568 2774 et
594 2732 778 2774 ecclesie
801 2732 953 2774 Sancti
980 2732 1096 2774 Petri
1125 2733 1180 2774 de
1201 2732 1464 2787 Magalona:
1486 2736 1529 2774 et
1556 2734 1674 2775 dono

108 2805 152 2843 et
190 2802 288 2857 lego
318 2802 464 2845 eidem
492 2804 676 2846 ecclesie
712 2816 921 2846 mansum
949 2801 1180 2845 d'Abonaz
1211 2817 1312 2845 cum
1342 2804 1554 2846 omnibus
1583 2805 1675 2846 suis

110 2873 418 2928 pertinenciis,
460 2877 505 2917 et
546 2888 648 2917 cum
691 2875 814 2917 omni
849 2875 946 2930 jure
986 2876 1106 2930 quod
1143 2874 1205 2916 ihi
1244 2875 1389 2916 habeo
1419 2877 1486 2917 vel
1511 2876 1675 2917 habere

106 2944 270 2991 debeo,
310 2959 389 3000 pro
423 2946 735 3001 redemptione
772 2946 923 2988 anime
963 2959 1061 2988 mee
1099 2948 1142 2987 et
1180 2946 1337 2988 matris
1377 2960 1502 2988 mee.
1551 2947 1676 2987 salvo

110 3017 258 3057 tamen
285 3016 486 3060 dominio
508 3020 551 3060 ct
577 3017 886 3059 dominat-ione
913 3017 1046 3059 castri
1065 3018 1120 3059 de
1145 3016 1403 3059 Breissiaco.
