2070 3486
979 301 1241 346 —806—

327 400 366 442 in
391 401 661 456 act-apitum.
686 414 787 442 eum
818 399 1071 441 retencione
1101 399 1274 447 usaticiff
1301 399 1395 441 sive
1419 413 1596 442 census.
1623 399 1719 441 sine
1743 402 1891 442 vestro
1921 410 1924 412 ’

324 472 509 513 consilio
537 475 577 513 ct
608 470 823 513 laudiniio
852 485 901 512 ac
933 473 1212 517 vestrorum;
1259 470 1546 513 vendiciones
1580 474 1621 513 el
1649 471 1761 513 alios
1788 486 1893 513 con—

328 546 507 584 trartus.
529 556 615 597 que
640 541 708 583 vel
730 541 807 596 qui
830 541 994 583 exinde
1022 541 1198 588 fierent,
1218 541 1418 589 laudare,
1438 541 1655 583 laudimia
1676 541 1889 597 recipere,

325 628 402 654 seu
426 613 603 655 racione
625 612 797 654 domini
835 626 916 667 pro
953 612 1101 667 precio
1137 612 1327 654 retinere
1349 612 1607 660 commissa,
1640 612 1711 654 vel
1739 626 1893 655 excor-

327 685 496 727 rencias
525 687 675 739 petere
698 686 741 726 et
758 684 925 726 habere
952 698 1032 738 pro
1063 683 1245 726 usaticis
1274 697 1363 725 non
1388 683 1562 730 solutis,
1589 697 1666 725 seu
1691 697 1771 739 pro
1792 684 1893 726 aliis

324 756 489 811 quibus
520 755 829 810 possessiones
856 755 1027 810 adjecte
1056 755 1262 797 servituti
1296 754 1443 801 alicui,
1484 755 1628 797 solent
1655 758 1699 797 et
1726 756 1894 798 debent.

323 829 479 869 radere
508 826 549 867 in
581 827 849 867 vmnissum:
880 839 1040 868 causas
1068 840 1147 867 seu
1169 825 1430 881 questiones
1458 826 1614 868 audire
1645 826 1714 868 vel
1744 826 1895 868 termi-

326 913 445 941 nare.
480 898 546 940 vel
578 898 721 940 lacere
749 897 893 939 audiri
923 901 967 940 et
993 897 1240 946 terminari,
1272 910 1359 953 que
1395 898 1449 939 tle
1478 897 1620 952 ipsius
1649 897 1768 939 leudi
1792 911 1894 952 pos-

325 970 604 1012 sessionibus
632 969 703 1011 vel
730 969 979 1011 honoribus
1000 972 1320 1017 moverentur3
1353 982 1528 1011 necnon
1549 971 1594 1011 et
1614 968 1703 1011 alia.
1729 968 1888 1017 facere,

323 1056 410 1097 que
439 1042 482 1082 iu
513 1041 646 1083 feudo
674 1043 718 1083 et
743 1042 799 1082 de
827 1040 962 1082 leudo
990 1041 1064 1082 tali
1091 1041 1238 1082 solent
1265 1040 1363 1083 lieri
1390 1043 1526 1095 atquc
1554 1041 1736 1089 debent,
1767 1040 1893 1082 salvo

324 1117 366 1155 et
391 1116 561 1155 retento
584 1112 785 1155 dominio
805 1115 955 1154 vestro
978 1115 1022 1154 et
1042 1111 1260 1154 laudimio
1289 1111 1333 1153 in
1354 1112 1439 1154 hiis
1461 1114 1505 1154 et
1523 1125 1659 1167 super
1679 1111 1764 1154 hiis
1787 1126 1890 1167 que,

325 1185 419 1225 sine
463 1183 718 1226 retencione
760 1183 938 1239 aliqua.
988 1183 1233 1225 alienarem
1280 1183 1325 1224 iu
1366 1182 1499 1225 leudo
1548 1183 1616 1224 vel
1662 1184 1716 1225 de
1760 1182 1894 1225 feudo

326 1255 553 1311 predicto,
591 1269 641 1297 ac
679 1255 778 1297 aliis
813 1254 954 1297 eciam
981 1269 1069 1311 quc
1103 1254 1234 1297 vobis
1261 1257 1340 1297 aut
1366 1254 1528 1297 vestris
1557 1254 1893 1297 successorihus

328 1329 578 1369 noscuntur
601 1326 776 1368 racione
795 1326 978 1381 majoris
994 1325 1181 1368 dominii
1206 1325 1444 1381 portinere.

387 1399 470 1439 Pro
495 1398 578 1440 isto
600 1400 753 1440 autem
782 1397 918 1443 feudo
946 1412 1044 1452 ego,
1076 1397 1222 1439 dictus
1251 1396 1395 1445 Guir„
1421 1399 1465 1439 et
1491 1396 1595 1445 mei,
1621 1396 1698 1452 qui
1722 1397 1894 1439 dictum

326 1470 510 1511 liuidum
546 1470 790 1517 tenebunt,
824 1482 925 1511 sum
959 1471 1002 1511 et
1033 1471 1164 1511 erunt
1195 1468 1333 1510 vestri
1366 1471 1409 1510 et
1437 1471 1692 1510 vestrorum
1722 1481 1896 1510 succes-

325 1555 477 1584 sorum
506 1540 674 1583 subditi
703 1544 746 1583 et
774 1540 952 1587 fideles;
984 1544 1028 1582 et
1049 1554 1131 1595 ego
1155 1554 1273 1581 nuuc
1294 1541 1348 1582 de
1372 1539 1584 1595 presenti,
1614 1539 1744 1582 flexis
1771 1540 1896 1595 geni-

329 1615 426 1660 bus,
450 1613 550 1668 juro
578 1612 708 1654 vobis
736 1615 780 1653 et
800 1611 963 1654 vestris
986 1611 1338 1659 successoribus,
1367 1625 1503 1666 super
1525 1613 1679 1653 sancta
1700 1614 1896 1673 quatuor

325 1685 403 1726 l)ei
426 1684 674 1737 evangelia,
709 1683 988 1731 fidelitatem,
1015 1683 1155 1725 vitam
1179 1686 1222 1725 et
1250 1683 1468 1730 membra,
1495 1686 1538 1724 et
1558 1696 1612 1724 ea
1632 1682 1786 1725 omnia,
1808 1696 1896 1738 que

326 1757 367 1798 in
398 1759 679 1798 sacramento
710 1755 938 1797 fidelitatis
964 1755 1266 1797 continentur.
1308 1755 1497 1809 Insuper
1519 1754 1666 1797 eciam
1695 1754 1825 1796 vobis
1853 1757 1898 1796 ct

328 1828 487 1869 vestris
525 1827 859 1869 successoribus
893 1827 1035 1868 debeo
1063 1829 1113 1869 et
1154 1829 1334 1874 teneoim
1374 1829 1418 1868 et
1456 1825 1545 1867 mei
1583 1826 1815 1868 debebunt
1853 1828 1897 1868 ct

327 1900 623 1941 tenebuntur.
656 1899 827 1940 dictum
856 1898 1042 1940 feudum
1079 1901 1299 1946 tenentes,
1343 1897 1487 1939 facere
1525 1911 1605 1952 pro
1634 1897 1733 1953 ipso
1762 1897 1896 1940 feudo

323 1972 553 2026 albergam
576 1972 753 2012 duobus
783 1970 1024 2018 militibus,
1067 1983 1169 2012 cum
1202 1969 1327 2011 luero
1356 1969 1622 2025 requisitus.
1654 1969 1784 2012 aliter
1805 1983 1895 2011 non

327 2047 504 2085 tenear:
536 2045 579 2084 et
609 2041 793 2084 feudum
822 2042 988 2097 ipsum.
1014 2041 1049 2083 si
1081 2055 1168 2083 non
1193 2041 1436 2096 requisitus
1459 2054 1712 2089 cessavero,
1738 2042 1896 2083 cadere

327 2117 517 2170 nequeat
549 2114 589 2155 iu
618 2113 929 2155 commissum.
962 2113 1014 2155 Et
1040 2113 1100 2154 ita
1128 2112 1272 2154 fateor
1297 2116 1342 2155 et
1368 2126 1588 2167 cognosco
1611 2126 1682 2154 ine
1706 2114 1751 2154 et
1770 2125 1897 2155 meos

325 2187 487 2228 debere
508 2185 649 2228 facere
669 2185 920 2233 annuatim,
940 2197 1218 2240 quanquam,
1245 2183 1360 2226 sicut
1381 2185 1425 2225 in
1448 2184 1565 2226 [licto
1594 2184 1895 2226 instrumento

325 2257 594 2304 conthnaetur,
627 2258 748 2312 quod
782 2270 921 2312 penes
955 2269 1027 2297 me
1056 2256 1201 2297 habeo
1231 2258 1275 2297 et
1309 2255 1495 2303 retineO,
1521 2255 1578 2297 sit
1611 2254 1818 2297 vendicio
1851 2255 1898 2296 in

325 2329 525 2371 alodium
554 2328 689 2370 michi
718 2327 860 2375 lactem
905 2341 983 2383 per
1019 2328 1141 2382 qnod
1176 2327 1280 2368 11010
1315 2328 1434 2382 quod
1473 2326 1600 2369 vobis
1627 2329 1706 2369 aut
1733 2326 1897 2369 vestris

326 2400 660 2442 successoribus
689 2400 732 2441 in
758 2400 855 2455 jure
878 2398 1029 2441 vestro
1054 2401 1097 2440 et
1118 2398 1319 2441 dominio
1343 2397 1639 2454 prejudicium
1662 2401 1888 2453 gravetur,

386 2472 554 2514 Horum
603 2472 807 2513 omnium
844 2474 950 2513 sunt
986 2474 1123 2513 testes
1162 2470 1345 2524 Egidius
1391 2471 1444 2511 de
1481 2470 1646 2511 Sancto
1678 2470 1896 2512 Gervasio

325 2543 596 2585 castellanus
625 2541 1006 2589 Montisl'errandi,
1047 2541 1238 2583 Poncius
1260 2542 1456 2583 Thomas
1480 2540 1723 2585 canonicus
1746 2541 1898 2596 Maga-

327 2615 551 2663 lonensis,
584 2615 921 2657 Bernardusde
953 2612 1286 2661 Yallebuxeria,
1327 2615 1371 2654 et
1409 2613 1638 2654 Johannes
1671 2612 1892 2661 Bruncnc,

327 2686 431 2729 dicti
458 2686 629 2728 domini
652 2685 851 2741 episcopi
885 2686 927 2726 in
967 2698 1049 2727 sna
1085 2684 1251 2726 diocesi
1293 2687 1336 2725 et
1372 2683 1591 2726 comitatu
1618 2683 1818 2740 Mclgorii
1854 2686 1899 2726 et

328 2757 693 2800 Montisl'crrandi
720 2757 927 2812 publicus
954 2756 1178 2803 notarius,
1217 2755 1294 2811 qui
1323 2756 1564 2797 mandatus
1592 2755 1673 2797 hec
1701 2755 1893 2811 scripsit,

329 2832 372 2872 et
393 2829 521 2884 signo
545 2843 625 2871 suo
649 2828 855 2884 signavit.

1301 2910 1397 2949 (Reg.
1424 2910 1459 2947 E,
1482 2909 1540 2941 Iol.
1563 2908 1623 2941 302
1644 2910 1703 2947 v⁰).
