2070 3486
978 303 1029 307 -—
1066 277 1151 320 538
1188 291 1239 307 '—

327 374 686 429 ronipell‹·mluiii
712 373 825 419 illos,
846 372 919 427 qui
938 372 1055 413 (licta
1073 372 1243 414 usatica
1260 373 1441 421 debent,
1462 374 1517 415 ad
1539 374 1891 428 persolvendum

332 446 428 486 illus
458 446 530 485 Vll
560 444 695 485 libras
724 443 875 484 liberis
904 443 1188 497 supradictis.
1507 448 1510 451 '

385 517 492 557 ltem
516 514 617 555 dicti
640 513 849 555 arbitri...
876 514 1104 560 dixerunt,
1126 518 1421 569 preceperunt
1443 518 1487 557 ct
1504 528 1583 570 per
1602 515 1887 558 amicabilem

325 586 696 641 compositionem
727 585 1047 627 recitaverunt,
1082 586 1200 640 quod
1231 585 1442 627 dominus
1471 586 1710 641 episcopus
1739 587 1887 642 Maga-

324 657 536 703 lonensis,
583 670 732 697 comes
779 656 976 709 Melgorii
1013 659 1055 698 el
1089 656 1475 703 Montisferrandi,
1508 657 1578 698 vel
1608 670 1890 700 successores

326 728 393 770 sui
422 729 542 771 dent.
576 727 755 769 solvunt
776 730 819 767 et
849 728 1040 771 tradant,
1075 727 1256 769 nomine
1285 727 1420 782 hujus
1448 727 1788 782 compositionis
1811 742 1892 771 seu

327 798 654 841 transactionis.
691 797 872 852 prefatis
895 798 1047 839 liberis
1076 798 1284 840 undecim
1309 798 1431 839 milia
1453 798 1702 840 solidorum
1724 798 1892 855 melgo-

328 870 539 912 riensiuni
578 883 654 924 per
683 870 763 910 lios·
795 868 1031 910 terminos.
1064 869 1230 911 scilicet
1264 869 1309 910 in
1332 869 1542 924 proximo
1566 872 1756 912 venturo
1777 869 1890 912 festo

325 941 535 983 Omnium
567 943 835 981 Sanctorum
870 939 951 981 tria
986 940 1111 981 milia
1144 940 1393 981 solidorum
1415 940 1815 995 melgoriensium;
1846 943 1892 983 et

324 1012 503 1059 deinde,
543 1011 731 1065 singulis
765 1010 917 1057 annis,
951 1011 1008 1052 ad
1039 1010 1203 1053 festum
1238 1010 1451 1053 Omnium
1475 1012 1768 1060 Sanctorum,
1800 1012 1891 1055 duo

325 1083 447 1125 milia
473 1082 736 1129 solidorum,
760 1095 997 1137 quousque
1023 1085 1114 1124 tota
1134 1082 1253 1124 dicta
1273 1095 1453 1124 summa
1475 1083 1683 1125 undecim
1712 1083 1887 1125 milium

323 1154 567 1196 solidorum
601 1153 731 1195 fuerit
759 1153 957 1208 plenarie
986 1153 1133 1195 soluta
1160 1156 1201 1195 et
1227 1153 1404 1201 tradita,
1437 1157 1611 1196 remota
1638 1154 1819 1209 penitus
1847 1156 1892 1196 et

323 1225 507 1267 exclusa
537 1225 660 1266 omni
698 1224 958 1279 questione,
991 1225 1283 1280 exceptione,
1323 1228 1366 1267 et
1389 1224 1792 1281 compensatione3
1830 1225 1893 1268 ita

322 1297 442 1352 quod
483 1296 694 1337 dominus
734 1295 972 1350 episcopus
1012 1296 1367 1350 Magalonensis,
1413 1309 1564 1338 comes
1606 1296 1809 1352 Melgorii
1848 1299 1894 1339 et

324 1367 687 1410 Montisferrandi
712 1402 719 1413 ,
753 1367 823 1409 vel
849 1366 1012 1422 aliquis
1042 1381 1120 1422 pro
1149 1381 1229 1415 ec,
1267 1381 1292 1409 a
1321 1367 1551 1409 solucione
1585 1367 1807 1410 dictorum
1836 1368 1895 1410 XI

326 1439 498 1480 milium
522 1438 768 1480 solidorum
786 1451 832 1479 se
855 1438 1001 1479 thueri
1024 1438 1094 1480 vel
1111 1437 1351 1480 defendere
1375 1438 1561 1480 minime
1578 1438 1723 1493 possit
1739 1438 1894 1494 aliqua

323 1511 509 1557 ratione,
553 1510 621 1551 vel
658 1509 907 1557 occasione,
940 1510 1011 1551 vel
1042 1509 1194 1565 aliqua
1220 1509 1625 1565 compensatione;
1669 1512 1714 1552 et
1751 1511 1889 1565 quod,

325 1583 379 1624 de
413 1581 499 1623 hiis
532 1582 588 1623 XI
618 1581 792 1622 milium
834 1581 1082 1623 solidorum
1122 1581 1184 1623 ita
1221 1581 1478 1629 solvendis,
1522 1581 1711 1624 satisdet
1746 1581 1892 1625 dictus

324 1652 534 1695 dominus
567 1652 806 1707 episcopus
838 1665 917 1707 per
950 1651 1227 1695 sufficientes
1265 1656 1309 1695 et
1350 1653 1554 1708 ydoneos
1593 1652 1820 1695 debitores
1848 1657 1893 1696 et

326 1726 599 1778 peccatores,
622 1725 677 1765 ad
702 1723 982 1765 voluntatem
1007 1727 1051 1765 et
1072 1723 1285 1766 noticiam
1306 1723 1511 1779 ipsorum
1538 1724 1827 1766 arbitrorum.

385 1796 493 1837 Item
521 1795 626 1837 dicti
654 1795 810 1836 arbitri
831 1795 1116 1837 retinuerunt
1137 1795 1248 1844 sibi,
1281 1795 1407 1837 salva
1433 1795 1669 1837 voluntate
1685 1795 1891 1851 -partium

325 1865 598 1909 unanimiter
630 1867 712 1908 hec
747 1866 1003 1908 volencium
1031 1869 1074 1909 et
1106 1866 1470 1915 concedencium,
1514 1867 1636 1922 quod
1677 1866 1714 1909 si
1740 1866 1894 1923 aliqua

325 1938 500 1994 questio
539 1938 610 1980 vel
648 1937 870 1981 dubitatio
916 1951 1051 1993 super
1090 1938 1302 1993 predictis
1339 1938 1532 1980 oriretur
1566 1939 1684 1980 inter
1722 1941 1888 1994 partes,

325 2010 423 2052 illas
452 2010 626 2065 possint
653 2010 739 2064 ipsi
772 2011 861 2051 duo
888 2009 972 2051 viri
1009 2009 1193 2065 predicti
1232 2009 1387 2051 arbitri
1429 2010 1600 2057 audire,
1645 2010 1887 2056 declarare,

327 2080 608 2136 interpretari
636 2084 679 2122 et
705 2081 1007 2123 determinare
1039 2095 1120 2123 suo
1150 2081 1332 2136 proprio
1359 2081 1546 2123 arbitrio
1574 2084 1617 2123 et
1637 2081 1888 2130 voluntate,

327 2153 481 2194 ordine
510 2152 621 2208 juris
652 2152 854 2194 adhibito
886 2152 957 2194 vel
985 2153 1211 2200 obmisso;
1243 2153 1314 2194 cui
1335 2152 1641 2198 declarationi,
1675 2153 1893 2208 interpre-

327 2223 484 2266 tationi
510 2227 554 2265 et
581 2223 946 2266 determinationi
973 2227 1164 2279 utraque
1198 2238 1301 2279 pars
1333 2224 1516 2266 obedire
1548 2227 1592 2266 et
1618 2227 1736 2266 stare
1763 2223 1893 2266 dictis

326 2295 525 2342 arbitris,
557 2309 731 2337 necnon
762 2309 865 2350 pars
893 2295 1030 2350 parti,
1057 2297 1112 2338 ad
1141 2295 1353 2342 invicem,
1385 2297 1470 2337 sub
1506 2295 1622 2338 dicta
1649 2309 1767 2351 pena
1794 2309 1895 2351 pro-

326 2367 474 2414 misit3
508 2369 609 2421 post
643 2379 814 2408 annum
839 2380 959 2415 vero,
999 2368 1057 2409 ab
1085 2367 1166 2409 hac
1188 2367 1260 2409 die
1292 2368 1666 2422 computandum,
1694 2369 1894 2422 potestas

326 2438 591 2493 predicta-a
624 2438 827 2493 partibus
867 2439 1075 2493 superius
1115 2439 1379 2481 memoratis
1420 2438 1601 2481 arbitris
1640 2438 1770 2481 finita
1811 2439 1893 2482 erit

327 2509 506 2565 penitus
533 2512 577 2551 et
604 2510 802 2551 exclusa.

383 2581 445 2622 De
480 2581 565 2622 hiis
604 2584 756 2622 autem
796 2594 883 2636 que
924 2581 1042 2623 dicta
1081 2581 1266 2623 domina
1301 2581 1483 2624 Adalaiz
1522 2581 1592 2623 vel
1629 2581 1726 2637 ejus
1763 2580 1893 2624 liberi

326 2653 494 2695 habent
527 2652 597 2693 vel
634 2652 879 2707 possident,
906 2652 976 2694 vel
1003 2654 1059 2694 ad
1088 2666 1165 2695 eos
1193 2665 1480 2708 quocumque
1511 2653 1644 2694 modo
1667 2652 1894 2707 pertinent

325 2723 370 2765 in
392 2724 789 2778 Montepessulano
812 2724 880 2766 vel
903 2723 948 2765 in
976 2724 1437 2779 Montepessulaneto,
1465 2724 1535 2766 vel
1558 2723 1604 2765 in
1625 2724 1890 2766 eorumdem

326 2794 525 2838 locorum
554 2795 869 2849 pertinenciis,
902 2795 1062 2843 nichil,
1093 2795 1327 2838 occasione
1357 2795 1493 2851 hujus
1528 2794 1887 2850 compositionis,

324 2866 441 2908 dicta
468 2866 652 2908 domina
676 2866 745 2908 vel
775 2867 871 2922 ejus
893 2866 1021 2909 liberi
1042 2867 1210 2909 donare
1234 2867 1303 2909 vel
1326 2867 1556 2909 remittere
1577 2867 1787 2914 debeant,
1810 2879 1892 2909 nec

324 2938 517 2980 donasse
533 2937 702 2993 aliquid
725 2941 803 2980 aut
830 2938 1057 2981 remisisse
1074 2938 1350 2995 intelligatur
1370 2937 1544 2994 prefato
1566 2937 1752 2981 domino
1774 2937 1890 2994 epis-
