2070 3486
984 280 1247 322 —570—

395 380 504 420 Cum
536 378 792 431 Stephanus
835 376 1062 421 Bocados,
1108 379 1287 417 curator
1328 375 1569 417 liberorum
1611 377 1896 419 etheredum

338 450 565 504 qnondam
594 447 811 488 Johannis
845 447 1060 493 Bocados,
1104 460 1182 501 pro
1218 446 1393 500 justicia
1434 443 1515 487 sitii
1558 448 1797 490 reddenda.
1845 449 1899 489 de

343 522 468 561 l'etro
506 518 741 560 Raimnndi
777 517 911 559 instet
947 530 1083 572 quam
1121 517 1366 572 plurimum
1399 531 1549 559 coram
1586 518 1729 582 npbis.
1761 531 1898 573 quam

340 591 420 631 sibi
454 604 614 642 negare
652 603 737 630 non
768 602 1011 644 possumus
1039 601 1117 630 1100
1142 589 1377 632 debemus,
1403 588 1666 629 auctoritate
1689 602 1779 643 qua
1801 588 1900 630 fun-

338 662 486 715 gimur
503 661 628 701 vobis
643 659 927 715 precipiendo
942 660 1227 705 mandamus,
1241 662 1465 714 quatenns
1478 659 1702 714 prelatum
1720 661 1897 701 Petrum

339 732 574 775 111111111111111
604 731 733 772 (lirici
763 730 922 777 citetis,
949 733 1152 785 exparte
1175 733 1343 772 nostra.
1375 731 1511 784 quod.
1543 731 1613 771 die
1641 731 1835 772 crastina
1856 734 1899 772 et

335 804 405 845 die
441 803 616 845 veneris
654 806 695 844 vt
729 802 799 843 die
835 802 1008 843 sabbati
1046 801 1251 856 proxime
1284 802 1599 843 venientilms.
1640 805 1899 857 compareat

334 888 483 917 coram
518 874 660 915 nobis.
693 873 811 923 Quas
839 873 935 914 dies
970 873 1053 914 sibi
1090 874 1218 914 l‘etro
1255 872 1493 914 ltaimnmli
1525 874 1580 914 ad
1612 874 1897 927 probandum

336 947 419 988 sibi
441 946 625 999 negocia
648 945 920 999 ssignamus.
962 945 1007 986 111
1042 945 1220 999 signnm
1255 944 1479 986 citationis
1510 943 1636 986 facte.
1659 944 1898 985 remittatis

335 1018 463 1059 nobis
486 1019 716 1071 presentes
741 1016 910 1057 litteras
933 1028 1035 1057 cum
1059 1015 1191 1069 sigilli
1214 1015 1348 1056 vestri
1373 1015 1677 1069 apposicione.

394 1090 555 1130 Datum
583 1088 680 1129 idus
710 1087 985 1129 novembris.
1011 1100 1130 1128 anno
1152 1087 1383 1128 Dominice
1413 1086 1733 1128 liutai-nationis
1755 1086 1898 1128 1111110-

336 1160 449 1201 simo
478 1159 786 1201 ducentesimo
815 1158 1163 1213 quadragesimo
1191 1157 1352 1213 primo.

393 1304 673 1346 Raimundus
696 1303 750 1344 de
774 1303 918 1350 Ulmo,
949 1301 1172 1350 officialis,
1198 1308 1275 1343 ete.
1303 1304 1571 1359 (utsupra),
1595 1302 1790 1360 J'ccsqcc'c't
1809 1317 1822 1344 .·
1852 1303 1898 1344 111
1935 1343 1939 1345 ,

335 1375 540 1417 Domino.

395 1446 669 1487 Auctoritate
703 1444 1002 1499 delegacionis
1031 1444 1136 1487 dicti
1158 1444 1330 1486 domini
1359 1445 1572 1500 episcopi,
1602 1445 1730 1487 vobis
1758 1445 1900 1500 preci-

336 1517 486 1572 pimus
519 1520 561 1558 et
597 1517 882 1563 mandamus,
921 1518 1144 1570 quatenus
1182 1509 1361 1557 Petrum
1395 1516 1636 1558 Raimumli
1663 1516 1809 1563 Olriei,
1841 1530 1896 1558 ex

336 1591 460 1643 parte
486 1591 652 1630 nostra.
677 1588 837 1635 citetis,
863 1588 1000 1642 quod,
1026 1587 1097 1629 die
1118 1587 1295 1629 veneris
1314 1587 1520 1642 proxime
1542 1587 1754 1635 venienti,
1777 1601 1900 1630 com-
1937 1611 1942 1613 Δ

338 1663 493 1715 pareat
531 1660 575 1701 in
615 1659 1042 1714 Montepessulano,
1086 1659 1130 1700 in
1167 1659 1290 1700 curia
1322 1659 1426 1701 dicti
1461 1659 1631 1701 domini
1666 1659 1895 1714 episcopi.

337 1744 485 1772 coram
510 1731 653 1779 nobis,
685 1744 987 1785 responsurus
1014 1730 1181 1777 libello,
1207 1730 1359 1772 oblato
1388 1731 1518 1771 nobis
1538 1734 1583 1772 et
1610 1730 1694 1772 sibi
1716 1734 1898 1786 ostenso

336 1805 377 1843 et
399 1802 512 1843 lecto
539 1815 565 1843 a
593 1802 823 1856 Stephano
851 1802 1068 1848 Bocados,
1105 1804 1309 1842 curatore
1338 1801 1582 1843 liberorum
1610 1804 1654 1842 et
1681 1802 1899 1843 heredum

337 1874 564 1928 quondam
598 1873 816 1915 Johannis
856 1873 1077 1920 Bocados,
1114 1873 1212 1928 ipso
1247 1875 1452 1914 curatore
1485 1886 1587 1914 011111
1617 1886 1781 1927 magna
1810 1872 1900 1915 ins-

338 1945 483 1986 tancia
515 1945 769 1999 postulante
803 1958 830 1985 a
865 1944 1010 1992 nobis,
1048 1946 1168 2000 quod
1209 1944 1326 1985 dicto
1356 1944 1504 1985 libello
1538 1945 1595 1985 ab
1632 1944 1729 1998 ipso
1772 1945 1900 1985 l'etro

340 2016 577 2058 Raimundi
611 2017 953 2071 respondeatur.
996 2015 1274 2070 precipimus
1308 2015 1443 2057 etiam
1474 2015 1602 2057 vobis
1623 2016 1759 2070 quod.
1785 2015 1901 2057 tacta

338 2088 551 2129 citacione
585 2088 690 2136 ista,
727 2090 958 2143 presentes
995 2087 1166 2129 litteras
1196 2087 1326 2128 nohis
1364 2087 1602 2129 remittatis
1635 2100 1737 2128 011111
1767 2087 1900 2141 sigilli

340 2159 477 2201 vestri
499 2159 810 2214 impressione,
838 2160 882 2201 in
904 2159 1082 2214 signum
1107 2158 1331 2201 citationis
1353 2158 1482 2201 facte.

398 2231 559 2273 Datum
589 2234 717 2273 sexto
749 2231 966 2273 kalendas
997 2231 1264 2278 decembris,
1302 2244 1421 2273 anno
1450 2230 1629 2273 Domini
1663 2231 1901 2274 millesimo

340 2303 649 2346 ducentesimo
672 2303 1019 2359 quadragesimo
1048 2304 1209 2359 primo.

400 2446 679 2489 Raimnndus
706 2448 760 2489 de
789 2447 934 2495 Ulmo,
966 2447 1172 2489 officialis
1193 2450 1238 2489 ct
1257 2447 1490 2503 delegatus
1512 2447 1684 2489 domini
1706 2447 1902 2503 Magalo-

343 2519 493 2559 nensis
527 2519 751 2573 episcopi,
795 2519 956 2561 dilecto
994 2520 1038 2560 in
1072 2519 1247 2561 Christo
1292 2520 1422 2561 Petro
1465 2520 1717 2562 ltaimnndo
1751 2519 1897 2568 Oli-ici,

342 2590 533 2631 salutem
563 2590 606 2631 in
629 2591 834 2631 Domino.

402 2662 511 2701 Cum
548 2661 805 2715 Stephanus
846 2662 1062 2704 Bocados.
1103 2665 1282 2704 curator
1317 2662 1561 2704 liberorum
1601 2665 1645 2704 et
1684 2663 1899 2705 heredum

344 2733 570 2786 qnondam
608 2732 826 2773 Joliannis
863 2733 1087 2776 Bocados,
1134 2735 1354 2787 oportune
1388 2736 1433 2775 et
1472 2733 1728 2788 importune
1767 2734 1903 2776 instet

341 2816 477 2858 quam
501 2803 746 2858 plurimum
777 2817 926 2845 coram
963 2804 1106 2851 nobis,
1134 2807 1182 2845 ut
1210 2804 1374 2847 libello,
1401 2805 1553 2847 oblato
1586 2818 1735 2847 coram
1773 2805 1903 2847 nobis

339 2878 493 2916 contra
512 2888 592 2916 vos
611 2876 668 2916 ab
686 2876 861 2921 eodem,
886 2875 1197 2930 respondeatis
1213 2878 1257 2917 et
1270 2876 1598 2931 compellamur
1613 2876 1697 2918 sibi
1721 2890 1904 2931 respon-

337 2946 457 2994 dere,
483 2949 680 2988 vestram
708 2960 796 2988 non
819 2947 1044 2988 credimus
1066 2947 1357 3002 prudenciam
1383 2947 1588 3002 ignorare
1609 2961 1712 2990 cum
1736 2948 1900 2990 nudius
