2070 3486
1012 256 1273 297 -714-

362 354 525 395 scilicet
558 355 685 394 l‘etro
714 351 864 394 Cabal.
891 351 1098 392 Johanne
1120 350 1440 397 Bartholomei,
1464 352 1594 393 Petro
1616 351 1670 393 de
1691 351 1921 401 Carnacio,

364 424 628 477 Rerengario
658 422 890 465 Atbrandi.
921 422 1126 463 ,1011611116
1154 421 1429 470 Tabernarii,
1462 422 1614 477 Ugone
1643 424 1698 464 (16
1725 424 1927 473 Quatuor

361 495 499 537 uasis.
528 494 793 549 ltaymnndo
816 492 954 539 Helie,
982 492 1198 534 Michaele
1222 493 1410 541 Raustit,
1434 494 1674 548 ltaynardo
1696 494 1751 536 (16
1774 493 1920 542 Volio,

363 568 488 607 l’etro
510 566 565 606 (16
594 563 885 609 (lalazanicis,
919 564 1164 606 Bertrando
1193 564 1349 618 Agone
1377 566 1421 606 et
1447 564 1653 606 Johanne
1680 566 1735 607 (16
1757 565 1927 607 Torna-

360 638 485 679 mira.
512 637 730 691 quasdam
756 636 940 683 litteras,
967 635 1011 676 in
1034 635 1199 690 quibus
1223 635 1540 677 continebatur
1565 636 1687 691 quod
1711 635 1924 678 dominus

358 722 437 749 rex
472 710 746 761 Aragonum.
778 706 1089 761 Majoricarum
1119 708 1163 747 61
1190 706 1425 753 Valencie,
1457 719 1608 748 comes
1642 706 1923 749 Barchinone

357 782 400 820 et
427 778 611 831 Urgelli.
650 781 693 819 61
720 778 932 819 (10111111115
966 777 1386 832 Montispessulani,
1418 777 1586 820 citabat
1612 791 1689 820 eos
1717 790 1924 833 peremp-

359 849 489 895 torie,
521 852 565 890 et
599 849 843 890 mandabat
880 848 944 889 eis
972 849 1115 903 quod,
1153 848 1491 903 quintadecima
1526 847 1598 890 die
1631 851 1735 904 post
1772 861 1924 903 recep-

356 920 529 961 610116111
554 920 832 964 earumdem,
866 933 945 973 per
972 932 1017 960 56
1043 919 1111 959 vel
1141 918 1409 961 instructum
1438 922 1775 974 procuratorem
1804 932 1924 961 com·

358 994 565 1046 parerent
603 1004 753 1032 coram
800 1004 851 1031 60
894 991 1012 1045 apud
1062 990 1413 1037 Bambinonam,
1462 990 1604 1045 parati
1652 989 1834 1032 firmare
1879 993 1924 1032 et

360 1062 499 1103 faeere
525 1062 597 1117 jus
625 1062 664 1102 in
698 1075 829 1116 posse
855 1061 996 1116 ipsius
1025 1061 1195 1103 domini
1226 1061 1357 1116 regis,
1387 1075 1523 1116 super
1546 1061 1860 1116 questionibus
1879 1063 1924 1103 et

357 1133 566 1187 querelis,
598 1146 711 1188 quas
731 1133 785 1173 (16
813 1132 877 1174 615
899 1135 943 1174 61
969 1132 1264 1175 universitate
1294 1133 1691 1188 Montispessulani
1712 1132 1918 1180 faciebat,

357 1207 401 1245 61
429 1204 571 1246 facere
601 1204 889 1249 intendebat:
922 1218 1002 1259 pro
1033 1204 1199 1259 quibus
1230 1205 1413 1246 eosdem
1442 1204 1650 1247 consules
1677 1204 1789 1246 alias
1816 1203 1922 1246 cita-

359 1279 502 1318 verat.
555 1278 603 1317 ut
647 1275 691 1316 in
737 1275 866 1317 dictis
911 1275 1071 1318 litteris
1116 1275 1433 1317 continebatur
1474 1275 1734 1331 expressius
1759 1289 1768 1324 ;
1817 1274 1923 1317 dicti

355 1347 563 1389 6011511165
593 1348 924 1402 responderunt
951 1347 1097 1389 eidem
1128 1347 1321 1389 Martino
1352 1347 1495 1390 Lobes
1523 1350 1567 1389 et
1593 1346 1838 1402 propositis
1863 1347 1922 1389 ab

356 1431 408 1459 eo
430 1417 473 1458 in
505 1418 623 1460 1111116
646 1419 831 1460 modum
852 1432 859 1459 :

413 1562 506 1612 Que
533 1561 833 1616 proposuistis
871 1564 914 1603 et
941 1561 1122 1603 dixistis
1154 1552 1249 1611 vos,
1282 1561 1503 1604 Martinus
1531 1561 1690 1607 Lobes,
1716 1574 1773 1603 ex
1795 1563 1922 1617 parte

355 1632 461 1675 dicti
486 1632 657 1674 domini
688 1633 822 1687 regis,
858 1647 939 1675 1105
969 1633 1158 1688 predicti
1182 1633 1390 1675 6011511165
1426 1632 1827 1688 Montispessulani
1854 1632 1922 1674 in-

357 1704 634 1746 telleximus.
667 1707 711 1745 et
740 1704 998 1746 citationem
1034 1705 1131 1760 ejus
1167 1719 1256 1746 non
1283 1704 1560 1760 recepimus,
1591 1717 1673 1746 nec
1705 1705 1762 1746 ad
1800 1703 1920 1746 diem

355 1788 490 1831 quam
512 1776 712 1831 assignat
740 1789 819 1817 5611
840 1776 1004 1823 10611111,
1032 1790 1112 1831 pro
1131 1776 1448 1832 questionibus
1470 1790 1547 1818 seu
1571 1775 1782 1832 querelis,
1807 1787 1920 1831 quas

354 1847 408 1888 de
446 1846 574 1888 nobis
603 1846 674 1888 vel
702 1846 996 1889 universitate
1026 1850 1181 1890 nostra
1208 1847 1326 1895 facit,
1360 1847 1618 1889 veniremus
1651 1859 1734 1889 nec
1769 1858 1920 1888 coram

354 1917 720 1972 eo'litigaremus
747 1919 801 1960 de
829 1918 1070 1973 predictis:
1103 1918 1210 1974 quia
1250 1932 1341 1961 non
1372 1921 1524 1974 potest
1560 1931 1660 1961 esse
1686 1917 1826 1974 judex
1846 1916 1921 1959 vel

354 1988 574 2043 cognitor,
614 2002 693 2043 per
719 2002 764 2031 se
794 1989 864 2031 vel
893 2003 974 2045 per
999 1989 1155 2038 alium,
1188 1990 1232 2031 in
1261 1989 1577 2045 questionibus
1606 1989 1677 2032 vel
1704 1987 1915 2045 querelis,

354 2072 466 2114 quas
499 2061 553 2101 de
589 2060 718 2102 nobis
746 2060 816 2102 vel
858 2062 912 2103 de
947 2061 1066 2103 dicta
1103 2061 1400 2104 universitate
1437 2063 1592 2103 nostra
1625 2060 1746 2103 facit.
1789 2060 1843 2102 Et
1882 2058 1920 2102 si

355 2144 453 2172 6556
480 2134 633 2186 posset
657 2131 797 2186 judex
825 2132 895 2174 vel
929 2133 1132 2187 cognitor
1158 2133 1451 2189 aliquomodo
1485 2133 1541 2174 de
1571 2131 1801 2187 predictis,
1827 2143 1919 2173 non

356 2204 508 2257 posset
536 2215 615 2243 nec
642 2203 825 2245 deberet
854 2217 935 2245 nos
965 2204 1101 2246 citare
1136 2207 1265 2246 extra
1292 2203 1567 2246 territorium
1595 2203 1920 2258 Montispessu-

357 2273 463 2315 lani.

416 2345 600 2399 Propter
621 2359 708 2400 qne
737 2346 1003 2400 gravamina
1030 2361 1117 2402 que
1153 2347 1283 2389 nobis
1318 2346 1553 2395 inferebat,
1587 2348 1630 2388 et
1663 2346 1812 2388 adhuc
1840 2358 1921 2401 per

355 2417 546 2457 eundem
577 2416 812 2458 dominum
843 2431 992 2472 regem
1018 2418 1291 2461 timebamus
1319 2417 1487 2466 inferri,
1515 2417 1551 2459 si
1583 2417 1680 2472 ipse
1707 2416 1920 2459 dominus

356 2500 433 2528 rex
468 2490 620 2541 posset
649 2501 748 2530 esse
775 2488 913 2543 judex
943 2489 1014 2530 vel
1047 2490 1250 2544 cognitor
1281 2490 1568 2545 aliquatenus
1605 2489 1661 2531 de
1689 2487 1916 2544 predictis,

353 2558 409 2599 ad
432 2558 667 2599 dominum
690 2559 951 2615 episcopum
975 2561 1359 2615 Magalonensem,
1388 2575 1415 2603 a
1435 2574 1525 2616 quo
1547 2559 1702 2602 villam
1733 2559 1920 2601 Montis-

355 2628 582 2683 pessulani
612 2632 657 2671 ct
686 2632 851 2672 terram
885 2631 1018 2673 istam
1043 2635 1163 2674 tenet
1184 2632 1229 2674 in
1257 2631 1461 2680 feudum,
1493 2631 1778 2687 appellamus
1799 2631 1919 2672 etde

354 2699 482 2741 dictis
503 2701 844 2755 gravaminibus
872 2702 911 2745 ei
939 2704 1173 2758 conquesti
1203 2703 1387 2746 1111111115.

415 2771 539 2813 Unde
566 2771 609 2812 in
635 2773 717 2814 hac
755 2773 985 2823 citacione,
1017 2788 1155 2830 quam
1184 2776 1319 2817 modo
1344 2776 1403 2817 de
1430 2788 1549 2816 novo
1577 2773 1697 2819 facit,
1723 2774 1779 2816 dc
1804 2773 1918 2816 facto

353 2841 471 2883 dicta
506 2843 813 2897 appellacione
860 2858 938 2886 5611
985 2846 1263 2899 gravaminis
1303 2845 1628 2901 conquestione
1674 2845 1914 2901 pendente,

354 2926 436 2954 nos
462 2917 621 2967 gravat
643 2918 797 2957 contra
816 2915 1057 2970 justiciam.
