2070 3486
763 329 808 333 -—
847 304 930 345 3567
967 329 1018 334 -

169 398 515 450 Quartodecsstimo
549 397 764 438 kalendas
804 399 1078 443 ‹l‹‘=t·‹‘=ml›ris,
1110 399 1334 450 assignata
1374 402 1441 439 est
1479 398 1672 439 totaliter

115 484 301 526 presens
330 469 581 524 septimana
621 469 747 508 ron-0
788 470 1021 509 ttaimuudi
1062 470 1188 509 ‹ili-ivi
1231 471 1284 510 ad
1332 469 1588 512 dictandum,
1630 471 1674 509 et

119 542 392 596 ponendum.
419 543 459 580 et
490 540 787 593 probandum.
815 542 851 579 vt
882 540 1179 593 peremptorie
1197 553 1355 580 omues
1379 539 1673 593 excep‹·i‹:ues

116 626 249 654 suas,
301 612 344 652 iu
390 625 523 651 causa
563 610 883 663 exrvpriouum
932 624 1066 664 quam
1118 611 1251 651 habet
1297 624 1396 651 rum
1445 610 1673 663 Stephano

117 684 337 725 Boc-ades,
369 684 572 723 curatore
604 679 842 721 liberorum
875 684 913 721 ‹=t
958 681 1170 721 tit-redum
1201 682 1429 735 quondam
1459 680 1674 721 johannis

117 754 341 797 Bocados,
375 753 472 807 ipso
503 755 706 793 curatore
738 764 837 791 cum
881 751 1098 793 iustam-ia
1124 751 1339 806 judicium
1379 753 1583 797 vaiiante,
1629 753 1675 791 ut

118 825 444 880 respondeatur
472 822 621 864 libello
648 821 799 863 oblato
832 836 855 863 a
884 822 1000 862 dicto
1029 826 1246 869 ruratore,
1281 822 1676 863 nonobstantibus

117 895 465 951 excepcionibus
486 892 728 949 propositis
755 893 988 934 abeodem
1020 893 1147 934 1‘‹=t1·‹›
1173 893 1425 934 ltaimuudi.

180 1038 323 1081 Pridie
353 1038 453 1080 idus
481 1036 758 1081 novembris,
799 1035 920 1091 pouit
961 1036 1220 1090 stephanus
1256 1036 1468 1079 Bocados.
1502 1038 1679 1077 curator

117 1111 340 1153 dictorum
376 1109 621 1151 liberorum
656 1109 886 1163 qutmdam
931 1107 1148 1149 Johaunis
1193 1107 1415 1151 Bocados„
1455 1106 1495 1146 in
1543 1119 1679 1147 eausa

118 1195 252 1238 quau]
284 1181 419 1223 habet
445 1193 544 1222 cum
577 1181 704 1220 Petro
735 1179 987 1220 Raiiuundo
1027 1177 1172 1219 Olrici.
1219 1178 1286 1218 vol
1328 1177 1563 1219 habiturus
1591 1180 1672 1220 est.

117 1254 237 1309 quod
268 1252 413 1294 vinea.
445 1264 581 1306 quam
610 1250 712 1291 dicti
752 1249 878 1291 liberi
905 1252 948 1291 et
987 1249 1081 1304 ipse
1109 1251 1286 1290 curator
1315 1248 1494 1290 nomine
1521 1261 1676 1288 eorum

117 1325 355 1367 intendunt
388 1326 534 1377 petere
563 1335 588 1363 a
619 1322 747 1363 l‘etro
771 1320 1041 1371 Raimundo,
1073 1323 1288 1374 tanquam
1313 1319 1396 1361 sibi
1419 1319 1674 1365 comissam,

117 1398 184 1438 est
207 1395 250 1437 in
277 1393 584 1450 jurisdictione
603 1393 844 1434 comitatus
866 1391 1066 1446 Melgorii
1087 1394 1130 1433 et
1156 1390 1534 1433 Moutisierraudi.

180 1467 287 1509 {tem
317 1465 443 1521 pouit
475 1465 620 1506 dictus
641 1466 833 1510 curator,
871 1464 993 1518 quod
1026 1462 1131 1505 dicti
1166 1462 1290 1504 liberi
1331 1465 1484 1504 tenent
1513 1462 1557 1502 in
1587 1460 1680 1502 feu—

119 1540 244 1586 dum,
276 1551 303 1580 a
322 1537 506 1579 domiuo
529 1536 740 1591 episcopo
769 1534 1091 1589 Magalonensi.
1132 1534 1176 1574 iu
1216 1533 1431 1575 comitatu
1459 1531 1674 1586 Melgorii.

123 1622 332 1652 mansum
360 1609 414 1649 de
436 1607 602 1652 Crecio,
632 1606 676 1647 iu
699 1619 788 1661 quo
811 1606 928 1647 dicta
951 1605 1083 1646 vinea
1105 1604 1191 1646 sita
1210 1607 1291 1646 est.

180 1681 289 1722 Item
322 1679 449 1735 ponit
486 1679 606 1733 quod
646 1677 792 1719 dictus
828 1676 1067 1732 episcopus
1102 1679 1169 1718 est
1207 1689 1357 1718 comes
1398 1674 1599 1730 Melgorii
1637 1676 1681 1715 et

119 1750 500 1794 Montisterraudi.

178 1824 290 1866 Item
319 1824 594 1878 protestatur
613 1821 734 1876 quod
761 1820 866 1862 dieti
895 1819 1036 1863 liberi.
1063 1832 1142 1875 pro
1171 1819 1288 1860 dicta
1316 1818 1461 1865 vinea,
1494 1817 1537 1858 in
1559 1817 1681 1859 curia

118 1894 290 1937 domini
312 1893 428 1948 regis
450 1894 726 1948 Aragonum,
750 1904 1000 1947 numquam
1021 1890 1351 1946 querimoniam
1375 1891 1683 1944 exposuerunt

119 1970 275 2008 contra
304 1966 483 2006 Petrum
509 1963 747 2006 Raimundi
776 1962 921 2005 Otrici.

180 2037 290 2079 Item
319 2038 594 2092 protestatur
614 2035 759 2077 dictus
787 2037 985 2081 curator,
1018 2034 1138 2089 quod
1167 2032 1203 2074 si
1225 2033 1280 2075 de
1301 2032 1418 2074 dicta
1447 2031 1577 2072 vinea
1601 2030 1684 2072 t'uit

123 2121 323 2164 unquam
353 2107 405 2150 lis
432 2107 600 2161 agitata
627 2106 671 2148 in
700 2106 821 2148 curia
855 2105 1025 2147 domiui
1058 2105 1194 2159 regis,
1226 2104 1343 2145 inter
1371 2104 1533 2145 dictam
1568 2103 1683 2143 Ada-

121 2180 325 2226 laiciam,
371 2179 552 2220 nomine
581 2177 801 2220 dictorum
838 2177 1107 2223 liberorum,
1139 2179 1183 2217 et
1218 2177 1398 2217 Petrum
1424 2173 1678 2217 Raimundi,

123 2251 229 2293 dicti
248 2250 391 2293 liberi.
412 2250 454 2291 in
474 2263 526 2292 eo
543 2250 662 2305 quod
680 2249 1005 2304 possiteisdem
1025 2247 1186 2289 afferre
1204 2246 1516 2302 prejudicium,
1535 2248 1680 2287 ratum

123 2337 212 2365 nou
257 2323 449 2367 habent,
501 2335 583 2363 nec
630 2321 911 2364 habuerunt.
960 2333 1041 2361 nec
1086 2319 1251 2361 habere
1298 2318 1562 2363 voluerunt,
1605 2329 1683 2357 uec

122 2396 382 2450 potueruut,
414 2406 515 2435 cum
546 2392 635 2434 sint
662 2392 859 2433 minores
888 2391 1042 2446 viginti
1073 2390 1272 2445 quinque
1299 2389 1444 2431 annis.

183 2465 290 2507 Item
315 2466 606 2520 protestatur,
631 2464 751 2519 quod
774 2463 890 2505 dicta
914 2461 1141 2504 Adalaicia
1170 2475 1256 2503 uon
1276 2460 1436 2516 potuit,
1471 2462 1681 2513 tauquam

126 2535 287 2583 tutrix,
320 2535 363 2577 in
390 2535 607 2591 judicium
632 2535 853 2576 deducere
883 2547 950 2575 res
978 2533 1198 2575 dictorum
1229 2532 1471 2573 liberorum
1502 2543 1684 2571 suorum

125 2606 169 2648 in
207 2606 505 2663 prejudicium
542 2606 822 2648 eorumdem,
854 2618 954 2647 rum
996 2618 1082 2645 non
1117 2606 1335 2659 appareat
1361 2616 1459 2644 eam
1502 2601 1684 2642 tutelam

126 2691 282 2721 eorum
305 2677 556 2733 suscepisse
579 2677 827 2719 secundum
852 2677 1036 2718 modum
1060 2678 1103 2717 et
1125 2675 1332 2722 formam,
1354 2688 1380 2715 a
1399 2673 1543 2728 judice
1572 2671 1687 2712 ordi—

128 2749 255 2792 nario
281 2750 456 2797 datam,
492 2763 582 2804 quo
617 2749 686 2790 vel
721 2762 810 2802 qua
843 2747 982 2789 tutela
1009 2747 1252 2789 liberorum
1280 2746 1348 2787 vel
1376 2745 1566 2787 aliorum
1591 2758 1687 2784 sus-

127 2820 213 2876 cipi
235 2821 379 2863 debet.

187 2892 296 2934 Item
322 2891 445 2947 ponit
465 2891 609 2933 dictus
635 2893 828 2934 curator,
852 2891 970 2944 quod
995 2889 1030 2931 si
1052 2902 1075 2930 a
1099 2889 1213 2930 dicta
1236 2887 1418 2929 domina
1447 2886 1597 2940 aliqua
1620 2885 1687 2926 tis.

129 2976 210 3019 pro
238 2963 351 3005 dicta
384 2963 538 3009 vinea,
573 2962 752 3003 nomine
787 2961 1117 3016 sepedictorum
1162 2959 1420 3000 iiim-(irum.
1464 2957 1540 2997 fuit
1572 2959 1690 2997 mota
