<?xml version="1.0" encoding="UTF-8"?>
<!DOCTYPE html PUBLIC "-//W3C//DTD XHTML 1.0 Transitional//EN"
    "http://www.w3.org/TR/xhtml1/DTD/xhtml1-transitional.dtd">
<html xmlns="http://www.w3.org/1999/xhtml" xml:lang="en" lang="en">
 <head>
  <title>
</title>
<meta http-equiv="Content-Type" content="text/html;charset=utf-8" />
  <meta name='ocr-system' content='tesseract 3.04.00' />
  <meta name='ocr-capabilities' content='ocr_page ocr_carea ocr_par ocr_line ocrx_word'/>
</head>
<body>
  <div class='ocr_page' id='page_1' title='image "./cartulairedemagu02cathuoft_0347.png"; bbox 0 0 2070 3486; ppageno 0'>
   <div class='ocr_carea' id='block_1_1' title="bbox 793 308 1049 350">
    <p class='ocr_par' dir='ltr' id='par_1_1' title="bbox 793 308 1049 350">
     <span class='ocr_line' id='line_1_1' title="bbox 793 308 1049 350; baseline 0.012 -4"><span class='ocrx_word' id='word_1_1' title='bbox 793 335 843 338; x_wconf 93' lang='lat'><strong>—</strong></span> <span class='ocrx_word' id='word_1_2' title='bbox 879 308 959 350; x_wconf 62' lang='lat'>:321</span> <span class='ocrx_word' id='word_1_3' title='bbox 1003 334 1049 338; x_wconf 88' lang='lat'>—</span> 
     </span>
    </p>
   </div>
   <div class='ocr_carea' id='block_1_2' title="bbox 129 403 1706 2876">
    <p class='ocr_par' dir='ltr' id='par_1_2' title="bbox 139 403 1703 530">
     <span class='ocr_line' id='line_1_2' title="bbox 139 403 1703 458; baseline -0.001 -13"><span class='ocrx_word' id='word_1_4' title='bbox 139 404 302 447; x_wconf 85' lang='lat' dir='ltr'>vestris</span> <span class='ocrx_word' id='word_1_5' title='bbox 332 404 487 446; x_wconf 83' lang='lat' dir='ltr'>omnia</span> <span class='ocrx_word' id='word_1_6' title='bbox 522 403 828 458; x_wconf 77' lang='lat' dir='ltr'>suprascripta</span> <span class='ocrx_word' id='word_1_7' title='bbox 867 406 910 445; x_wconf 82' lang='lat' dir='ltr'>et</span> <span class='ocrx_word' id='word_1_8' title='bbox 944 403 1146 457; x_wconf 75' lang='lat' dir='ltr'>singula,</span> <span class='ocrx_word' id='word_1_9' title='bbox 1197 403 1311 445; x_wconf 81' lang='lat' dir='ltr'>sicut</span> <span class='ocrx_word' id='word_1_10' title='bbox 1348 403 1555 458; x_wconf 82' lang='lat' dir='ltr'>superius</span> <span class='ocrx_word' id='word_1_11' title='bbox 1596 404 1703 443; x_wconf 84' lang='lat' dir='ltr'>sunt</span> 
     </span>
     <span class='ocr_line' id='line_1_3' title="bbox 139 475 483 530; baseline -0.003 -13"><span class='ocrx_word' id='word_1_12' title='bbox 139 475 483 530; x_wconf 86' lang='lat' dir='ltr'>comprehensa.</span> 
     </span>
    </p>

    <p class='ocr_par' dir='ltr' id='par_1_3' title="bbox 136 544 1703 1026">
     <span class='ocr_line' id='line_1_4' title="bbox 198 544 1697 588; baseline -0.001 -1"><span class='ocrx_word' id='word_1_13' title='bbox 198 545 413 588; x_wconf 79' lang='lat' dir='ltr'>Similiter</span> <span class='ocrx_word' id='word_1_14' title='bbox 434 547 679 587; x_wconf 87' lang='lat' dir='ltr'>tenuerunt</span> <span class='ocrx_word' id='word_1_15' title='bbox 703 559 730 585; x_wconf 77' lang='lat' dir='ltr'>a</span> <span class='ocrx_word' id='word_1_16' title='bbox 759 544 887 585; x_wconf 77' lang='lat' dir='ltr'>vobis</span> <span class='ocrx_word' id='word_1_17' title='bbox 915 548 959 586; x_wconf 76' lang='lat' dir='ltr'>et</span> <span class='ocrx_word' id='word_1_18' title='bbox 990 546 1352 587; x_wconf 70' lang='lat' dir='ltr'>antecessswibus</span> <span class='ocrx_word' id='word_1_19' title='bbox 1388 545 1566 588; x_wconf 78' lang='lat' dir='ltr'>vestris.</span> <span class='ocrx_word' id='word_1_20' title='bbox 1605 547 1697 585; x_wconf 78' lang='lat' dir='ltr'>tuni</span> 
     </span>
     <span class='ocr_line' id='line_1_5' title="bbox 138 616 1703 671; baseline -0.001 -13"><span class='ocrx_word' id='word_1_21' title='bbox 138 617 310 659; x_wconf 83' lang='lat' dir='ltr'>ratione</span> <span class='ocrx_word' id='word_1_22' title='bbox 346 616 607 663; x_wconf 82' lang='lat' dir='ltr'>comitatus,</span> <span class='ocrx_word' id='word_1_23' title='bbox 640 618 735 657; x_wconf 87' lang='lat' dir='ltr'>tum</span> <span class='ocrx_word' id='word_1_24' title='bbox 767 616 935 657; x_wconf 86' lang='lat' dir='ltr'>ratione</span> <span class='ocrx_word' id='word_1_25' title='bbox 958 616 1260 670; x_wconf 80' lang='lat' dir='ltr'>episcopatus,</span> <span class='ocrx_word' id='word_1_26' title='bbox 1293 616 1505 671; x_wconf 78' lang='lat' dir='ltr'>quicquid</span> <span class='ocrx_word' id='word_1_27' title='bbox 1535 617 1703 657; x_wconf 79' lang='lat' dir='ltr'>habue-</span> 
     </span>
     <span class='ocr_line' id='line_1_6' title="bbox 138 686 1700 741; baseline -0.002 -11"><span class='ocrx_word' id='word_1_28' title='bbox 138 690 242 730; x_wconf 84' lang='lat' dir='ltr'>runt</span> <span class='ocrx_word' id='word_1_29' title='bbox 262 687 333 729; x_wconf 83' lang='lat' dir='ltr'>vel</span> <span class='ocrx_word' id='word_1_30' title='bbox 357 689 597 729; x_wconf 84' lang='lat' dir='ltr'>tenuerunt</span> <span class='ocrx_word' id='word_1_31' title='bbox 619 687 661 727; x_wconf 92' lang='lat' dir='ltr'>in</span> <span class='ocrx_word' id='word_1_32' title='bbox 687 689 778 728; x_wconf 87' lang='lat' dir='ltr'>toto</span> <span class='ocrx_word' id='word_1_33' title='bbox 800 686 1064 741; x_wconf 84' lang='lat' dir='ltr'>episcopatu</span> <span class='ocrx_word' id='word_1_34' title='bbox 1089 687 1391 739; x_wconf 51' lang='lat' dir='ltr'>magalonensi</span> <span class='ocrx_word' id='word_1_35' title='bbox 1415 690 1458 728; x_wconf 83' lang='lat' dir='ltr'>et</span> <span class='ocrx_word' id='word_1_36' title='bbox 1484 687 1700 729; x_wconf 84' lang='lat' dir='ltr'>comitatu</span> 
     </span>
     <span class='ocr_line' id='line_1_7' title="bbox 137 757 1702 814; baseline -0.002 -14"><span class='ocrx_word' id='word_1_37' title='bbox 137 757 337 814; x_wconf 87' lang='lat' dir='ltr'>Melgorii</span> <span class='ocrx_word' id='word_1_38' title='bbox 354 771 431 800; x_wconf 90' lang='lat' dir='ltr'>seu</span> <span class='ocrx_word' id='word_1_39' title='bbox 453 757 828 804; x_wconf 71' lang='lat' dir='ltr'>Montisferrandi,</span> <span class='ocrx_word' id='word_1_40' title='bbox 846 757 1008 799; x_wconf 65' lang='lat' dir='ltr'>scilicet</span> <span class='ocrx_word' id='word_1_41' title='bbox 1027 757 1179 799; x_wconf 86' lang='lat' dir='ltr'>omnia</span> <span class='ocrx_word' id='word_1_42' title='bbox 1201 761 1244 799; x_wconf 85' lang='lat' dir='ltr'>ct</span> <span class='ocrx_word' id='word_1_43' title='bbox 1266 758 1439 810; x_wconf 61' lang='lat' dir='ltr'>singula</span> <span class='ocrx_word' id='word_1_44' title='bbox 1462 759 1515 799; x_wconf 88' lang='lat' dir='ltr'>de</span> <span class='ocrx_word' id='word_1_45' title='bbox 1538 758 1702 812; x_wconf 75' lang='lat' dir='ltr'>quibus</span> 
     </span>
     <span class='ocr_line' id='line_1_8' title="bbox 139 819 1695 885; baseline -0.001 -14"><span class='ocrx_word' id='word_1_46' title='bbox 139 843 227 872; x_wconf 90' lang='lat' dir='ltr'>non</span> <span class='ocrx_word' id='word_1_47' title='bbox 246 819 434 885; x_wconf 79' lang='lat' dir='ltr'>possent</span> <span class='ocrx_word' id='word_1_48' title='bbox 462 828 604 871; x_wconf 77' lang='lat' dir='ltr'>facere</span> <span class='ocrx_word' id='word_1_49' title='bbox 629 829 781 874; x_wconf 81' lang='lat' dir='ltr'>fidem,</span> <span class='ocrx_word' id='word_1_50' title='bbox 813 830 931 883; x_wconf 83' lang='lat' dir='ltr'>quod</span> <span class='ocrx_word' id='word_1_51' title='bbox 961 842 1012 870; x_wconf 88' lang='lat' dir='ltr'>ea</span> <span class='ocrx_word' id='word_1_52' title='bbox 1040 830 1096 870; x_wconf 83' lang='lat' dir='ltr'>ab</span> <span class='ocrx_word' id='word_1_53' title='bbox 1124 829 1222 870; x_wconf 82' lang='lat' dir='ltr'>aliis</span> <span class='ocrx_word' id='word_1_54' title='bbox 1251 829 1446 870; x_wconf 78' lang='lat' dir='ltr'>dominis</span> <span class='ocrx_word' id='word_1_55' title='bbox 1476 832 1695 870; x_wconf 79' lang='lat' dir='ltr'>tenerent.</span> 
     </span>
     <span class='ocr_line' id='line_1_9' title="bbox 137 899 1701 955; baseline -0.001 -13"><span class='ocrx_word' id='word_1_56' title='bbox 137 900 190 942; x_wconf 82' lang='lat' dir='ltr'>Et</span> <span class='ocrx_word' id='word_1_57' title='bbox 220 901 302 942; x_wconf 89' lang='lat' dir='ltr'>hec</span> <span class='ocrx_word' id='word_1_58' title='bbox 336 899 492 942; x_wconf 87' lang='lat' dir='ltr'>omnia</span> <span class='ocrx_word' id='word_1_59' title='bbox 525 900 723 955; x_wconf 75' lang='lat' dir='ltr'>predicta</span> <span class='ocrx_word' id='word_1_60' title='bbox 763 903 1003 941; x_wconf 85' lang='lat' dir='ltr'>tenuerunt</span> <span class='ocrx_word' id='word_1_61' title='bbox 1037 901 1121 940; x_wconf 84' lang='lat' dir='ltr'>sub</span> <span class='ocrx_word' id='word_1_62' title='bbox 1157 900 1351 954; x_wconf 79' lang='lat' dir='ltr'>predicta</span> <span class='ocrx_word' id='word_1_63' title='bbox 1389 900 1622 944; x_wconf 76' lang='lat' dir='ltr'>fidelitate.</span> <span class='ocrx_word' id='word_1_64' title='bbox 1657 903 1701 942; x_wconf 84' lang='lat' dir='ltr'>et</span> 
     </span>
     <span class='ocr_line' id='line_1_10' title="bbox 136 970 915 1026; baseline -0.003 -13"><span class='ocrx_word' id='word_1_65' title='bbox 136 971 358 1022; x_wconf 90' lang='lat' dir='ltr'>hominio,</span> <span class='ocrx_word' id='word_1_66' title='bbox 383 973 427 1013; x_wconf 93' lang='lat' dir='ltr'>et</span> <span class='ocrx_word' id='word_1_67' title='bbox 452 970 551 1013; x_wconf 89' lang='lat' dir='ltr'>aliis</span> <span class='ocrx_word' id='word_1_68' title='bbox 580 971 915 1026; x_wconf 73' lang='lat' dir='ltr'>suprascriptis.</span> 
     </span>
    </p>

    <p class='ocr_par' dir='ltr' id='par_1_4' title="bbox 129 1041 1706 2734">
     <span class='ocr_line' id='line_1_11' title="bbox 197 1041 1701 1098; baseline -0.001 -14"><span class='ocrx_word' id='word_1_69' title='bbox 197 1042 308 1084; x_wconf 85' lang='lat' dir='ltr'>Hinc</span> <span class='ocrx_word' id='word_1_70' title='bbox 334 1045 403 1084; x_wconf 91' lang='lat' dir='ltr'>est</span> <span class='ocrx_word' id='word_1_71' title='bbox 436 1043 556 1098; x_wconf 90' lang='lat' dir='ltr'>quod</span> <span class='ocrx_word' id='word_1_72' title='bbox 590 1055 687 1098; x_wconf 79' lang='lat' dir='ltr'>ego.</span> <span class='ocrx_word' id='word_1_73' title='bbox 728 1041 927 1096; x_wconf 74' lang='lat' dir='ltr'>prefatus</span> <span class='ocrx_word' id='word_1_74' title='bbox 963 1042 1245 1084; x_wconf 82' lang='lat' dir='ltr'>Raiinundus</span> <span class='ocrx_word' id='word_1_75' title='bbox 1287 1044 1449 1084; x_wconf 63' lang='lat' dir='ltr'>Aci-ru.</span> <span class='ocrx_word' id='word_1_76' title='bbox 1495 1042 1650 1083; x_wconf 85' lang='lat' dir='ltr'>nolens</span> <span class='ocrx_word' id='word_1_77' title='bbox 1677 1057 1701 1083; x_wconf 79' lang='lat' dir='ltr'>a</span> 
     </span>
     <span class='ocr_line' id='line_1_12' title="bbox 138 1113 1701 1169; baseline -0.001 -14"><span class='ocrx_word' id='word_1_78' title='bbox 138 1116 375 1169; x_wconf 86' lang='lat' dir='ltr'>parentum</span> <span class='ocrx_word' id='word_1_79' title='bbox 400 1126 605 1155; x_wconf 86' lang='lat' dir='ltr'>meorum</span> <span class='ocrx_word' id='word_1_80' title='bbox 628 1113 829 1167; x_wconf 79' lang='lat' dir='ltr'>vestigiis</span> <span class='ocrx_word' id='word_1_81' title='bbox 851 1113 1089 1155; x_wconf 78' lang='lat' dir='ltr'>divertere.</span> <span class='ocrx_word' id='word_1_82' title='bbox 1122 1114 1197 1154; x_wconf 83' lang='lat' dir='ltr'>sed</span> <span class='ocrx_word' id='word_1_83' title='bbox 1223 1127 1270 1154; x_wconf 77' lang='lat' dir='ltr'>en</span> <span class='ocrx_word' id='word_1_84' title='bbox 1297 1113 1490 1154; x_wconf 79' lang='lat' dir='ltr'>fideliter</span> <span class='ocrx_word' id='word_1_85' title='bbox 1506 1113 1635 1154; x_wconf 85' lang='lat' dir='ltr'>citius</span> <span class='ocrx_word' id='word_1_86' title='bbox 1659 1113 1701 1154; x_wconf 83' lang='lat' dir='ltr'>in</span> 
     </span>
     <span class='ocr_line' id='line_1_13' title="bbox 137 1184 1696 1240; baseline -0.002 -14"><span class='ocrx_word' id='word_1_87' title='bbox 137 1184 324 1227; x_wconf 83' lang='lat' dir='ltr'>veritate</span> <span class='ocrx_word' id='word_1_88' title='bbox 359 1184 508 1240; x_wconf 84' lang='lat' dir='ltr'>sequi,</span> <span class='ocrx_word' id='word_1_89' title='bbox 543 1197 810 1239; x_wconf 80' lang='lat' dir='ltr'>recognosco</span> <span class='ocrx_word' id='word_1_90' title='bbox 839 1184 989 1231; x_wconf 81' lang='lat' dir='ltr'>vobis,</span> <span class='ocrx_word' id='word_1_91' title='bbox 1030 1184 1202 1239; x_wconf 82' lang='lat' dir='ltr'>pretato</span> <span class='ocrx_word' id='word_1_92' title='bbox 1231 1184 1413 1225; x_wconf 86' lang='lat' dir='ltr'>domino</span> <span class='ocrx_word' id='word_1_93' title='bbox 1453 1185 1696 1231; x_wconf 73' lang='lat' dir='ltr'>Bel-nardo,</span> 
     </span>
     <span class='ocr_line' id='line_1_14' title="bbox 135 1255 1699 1311; baseline -0.001 -14"><span class='ocrx_word' id='word_1_94' title='bbox 135 1255 213 1298; x_wconf 92' lang='lat' dir='ltr'>Dei</span> <span class='ocrx_word' id='word_1_95' title='bbox 243 1256 388 1311; x_wconf 78' lang='lat' dir='ltr'>gratia</span> <span class='ocrx_word' id='word_1_96' title='bbox 416 1255 723 1310; x_wconf 79' lang='lat' dir='ltr'>Magalonensi</span> <span class='ocrx_word' id='word_1_97' title='bbox 746 1255 973 1311; x_wconf 84' lang='lat' dir='ltr'>episcopo,</span> <span class='ocrx_word' id='word_1_98' title='bbox 998 1258 1041 1297; x_wconf 87' lang='lat' dir='ltr'>et</span> <span class='ocrx_word' id='word_1_99' title='bbox 1064 1255 1400 1297; x_wconf 78' lang='lat' dir='ltr'>successoribus</span> <span class='ocrx_word' id='word_1_100' title='bbox 1425 1255 1599 1299; x_wconf 76' lang='lat' dir='ltr'>vestris.</span> <span class='ocrx_word' id='word_1_101' title='bbox 1629 1268 1699 1296; x_wconf 81' lang='lat' dir='ltr'>ine</span> 
     </span>
     <span class='ocr_line' id='line_1_15' title="bbox 136 1326 1701 1381; baseline -0.001 -12"><span class='ocrx_word' id='word_1_102' title='bbox 136 1329 181 1369; x_wconf 89' lang='lat' dir='ltr'>et</span> <span class='ocrx_word' id='word_1_103' title='bbox 206 1340 331 1368; x_wconf 88' lang='lat' dir='ltr'>meos</span> <span class='ocrx_word' id='word_1_104' title='bbox 368 1330 518 1369; x_wconf 82' lang='lat' dir='ltr'>tenere</span> <span class='ocrx_word' id='word_1_105' title='bbox 545 1340 572 1368; x_wconf 87' lang='lat' dir='ltr'>a</span> <span class='ocrx_word' id='word_1_106' title='bbox 599 1326 729 1368; x_wconf 76' lang='lat' dir='ltr'>vobis</span> <span class='ocrx_word' id='word_1_107' title='bbox 757 1327 814 1369; x_wconf 89' lang='lat' dir='ltr'>ad</span> <span class='ocrx_word' id='word_1_108' title='bbox 851 1326 1037 1368; x_wconf 82' lang='lat' dir='ltr'>feudum</span> <span class='ocrx_word' id='word_1_109' title='bbox 1069 1327 1153 1367; x_wconf 89' lang='lat' dir='ltr'>sub</span> <span class='ocrx_word' id='word_1_110' title='bbox 1183 1326 1380 1381; x_wconf 79' lang='lat' dir='ltr'>predicto</span> <span class='ocrx_word' id='word_1_111' title='bbox 1414 1326 1629 1378; x_wconf 79' lang='lat' dir='ltr'>hominio,</span> <span class='ocrx_word' id='word_1_112' title='bbox 1661 1329 1701 1367; x_wconf 90' lang='lat' dir='ltr'>et</span> 
     </span>
     <span class='ocr_line' id='line_1_16' title="bbox 136 1396 1703 1451; baseline 0.001 -13"><span class='ocrx_word' id='word_1_113' title='bbox 136 1396 368 1442; x_wconf 77' lang='lat' dir='ltr'>fidelitate.</span> <span class='ocrx_word' id='word_1_114' title='bbox 405 1400 449 1440; x_wconf 84' lang='lat' dir='ltr'>et</span> <span class='ocrx_word' id='word_1_115' title='bbox 476 1397 680 1451; x_wconf 80' lang='lat' dir='ltr'>albergo,</span> <span class='ocrx_word' id='word_1_116' title='bbox 719 1400 763 1439; x_wconf 88' lang='lat' dir='ltr'>et</span> <span class='ocrx_word' id='word_1_117' title='bbox 794 1397 1019 1449; x_wconf 82' lang='lat' dir='ltr'>valencia,</span> <span class='ocrx_word' id='word_1_118' title='bbox 1052 1400 1095 1439; x_wconf 92' lang='lat' dir='ltr'>et</span> <span class='ocrx_word' id='word_1_119' title='bbox 1124 1397 1491 1439; x_wconf 75' lang='lat' dir='ltr'>manutenencia.</span> <span class='ocrx_word' id='word_1_120' title='bbox 1535 1400 1579 1439; x_wconf 88' lang='lat' dir='ltr'>et</span> <span class='ocrx_word' id='word_1_121' title='bbox 1605 1396 1703 1439; x_wconf 86' lang='lat' dir='ltr'>aliis</span> 
     </span>
     <span class='ocr_line' id='line_1_17' title="bbox 135 1468 1703 1523; baseline -0.001 -13"><span class='ocrx_word' id='word_1_122' title='bbox 135 1468 467 1523; x_wconf 80' lang='lat' dir='ltr'>suprascriptis,</span> <span class='ocrx_word' id='word_1_123' title='bbox 494 1468 702 1511; x_wconf 86' lang='lat' dir='ltr'>videlicet</span> <span class='ocrx_word' id='word_1_124' title='bbox 723 1468 973 1523; x_wconf 85' lang='lat' dir='ltr'>predictum</span> <span class='ocrx_word' id='word_1_125' title='bbox 995 1468 1219 1517; x_wconf 76' lang='lat' dir='ltr'>Castrum,</span> <span class='ocrx_word' id='word_1_126' title='bbox 1244 1471 1288 1510; x_wconf 81' lang='lat' dir='ltr'>et</span> <span class='ocrx_word' id='word_1_127' title='bbox 1309 1468 1453 1512; x_wconf 76' lang='lat' dir='ltr'>villas,</span> <span class='ocrx_word' id='word_1_128' title='bbox 1480 1471 1523 1510; x_wconf 93' lang='lat' dir='ltr'>et</span> <span class='ocrx_word' id='word_1_129' title='bbox 1544 1468 1703 1510; x_wconf 81' lang='lat' dir='ltr'>l&#39;orcias</span> 
     </span>
     <span class='ocr_line' id='line_1_18' title="bbox 136 1539 1700 1595; baseline 0.001 -14"><span class='ocrx_word' id='word_1_130' title='bbox 136 1539 276 1582; x_wconf 75' lang='lat' dir='ltr'>tactas</span> <span class='ocrx_word' id='word_1_131' title='bbox 300 1539 368 1582; x_wconf 82' lang='lat' dir='ltr'>vel</span> <span class='ocrx_word' id='word_1_132' title='bbox 394 1539 636 1591; x_wconf 76' lang='lat' dir='ltr'>faciendas,</span> <span class='ocrx_word' id='word_1_133' title='bbox 660 1553 833 1582; x_wconf 89' lang='lat' dir='ltr'>necnon</span> <span class='ocrx_word' id='word_1_134' title='bbox 862 1543 905 1582; x_wconf 88' lang='lat' dir='ltr'>et</span> <span class='ocrx_word' id='word_1_135' title='bbox 932 1540 1085 1582; x_wconf 87' lang='lat' dir='ltr'>omnia</span> <span class='ocrx_word' id='word_1_136' title='bbox 1113 1543 1156 1582; x_wconf 87' lang='lat' dir='ltr'>et</span> <span class='ocrx_word' id='word_1_137' title='bbox 1178 1540 1355 1594; x_wconf 77' lang='lat' dir='ltr'>singula</span> <span class='ocrx_word' id='word_1_138' title='bbox 1377 1540 1700 1595; x_wconf 81' lang='lat' dir='ltr'>suprascripta,</span> 
     </span>
     <span class='ocr_line' id='line_1_19' title="bbox 133 1610 1705 1666; baseline -0.001 -13"><span class='ocrx_word' id='word_1_139' title='bbox 133 1624 350 1666; x_wconf 83' lang='lat' dir='ltr'>expressa</span> <span class='ocrx_word' id='word_1_140' title='bbox 377 1610 447 1653; x_wconf 84' lang='lat' dir='ltr'>vel</span> <span class='ocrx_word' id='word_1_141' title='bbox 476 1625 566 1652; x_wconf 90' lang='lat' dir='ltr'>non</span> <span class='ocrx_word' id='word_1_142' title='bbox 594 1624 825 1666; x_wconf 81' lang='lat' dir='ltr'>expressa,</span> <span class='ocrx_word' id='word_1_143' title='bbox 864 1614 909 1653; x_wconf 84' lang='lat' dir='ltr'>et</span> <span class='ocrx_word' id='word_1_144' title='bbox 943 1611 1118 1662; x_wconf 85' lang='lat' dir='ltr'>omnia,</span> <span class='ocrx_word' id='word_1_145' title='bbox 1165 1611 1279 1652; x_wconf 87' lang='lat' dir='ltr'>sicut</span> <span class='ocrx_word' id='word_1_146' title='bbox 1317 1611 1524 1666; x_wconf 84' lang='lat' dir='ltr'>superius</span> <span class='ocrx_word' id='word_1_147' title='bbox 1563 1611 1705 1652; x_wconf 83' lang='lat' dir='ltr'>conti-</span> 
     </span>
     <span class='ocr_line' id='line_1_20' title="bbox 132 1681 1704 1737; baseline 0 -14"><span class='ocrx_word' id='word_1_148' title='bbox 132 1684 296 1724; x_wconf 85' lang='lat' dir='ltr'>nentur</span> <span class='ocrx_word' id='word_1_149' title='bbox 329 1681 582 1737; x_wconf 72' lang='lat' dir='ltr'>specialiter</span> <span class='ocrx_word' id='word_1_150' title='bbox 613 1682 683 1724; x_wconf 80' lang='lat' dir='ltr'>vel</span> <span class='ocrx_word' id='word_1_151' title='bbox 710 1682 980 1734; x_wconf 69' lang='lat' dir='ltr'>generaliter</span> <span class='ocrx_word' id='word_1_152' title='bbox 1006 1695 1289 1737; x_wconf 81' lang='lat' dir='ltr'>expressum.</span> <span class='ocrx_word' id='word_1_153' title='bbox 1325 1682 1392 1723; x_wconf 77' lang='lat' dir='ltr'>vel</span> <span class='ocrx_word' id='word_1_154' title='bbox 1431 1682 1559 1724; x_wconf 75' lang='lat' dir='ltr'>tacite</span> <span class='ocrx_word' id='word_1_155' title='bbox 1583 1696 1704 1723; x_wconf 77' lang='lat' dir='ltr'>eoni-</span> 
     </span>
     <span class='ocr_line' id='line_1_21' title="bbox 133 1753 1702 1808; baseline -0.001 -14"><span class='ocrx_word' id='word_1_156' title='bbox 133 1753 370 1808; x_wconf 87' lang='lat' dir='ltr'>prehensa,</span> <span class='ocrx_word' id='word_1_157' title='bbox 403 1753 620 1808; x_wconf 86' lang='lat' dir='ltr'>recipiens</span> <span class='ocrx_word' id='word_1_158' title='bbox 648 1753 801 1795; x_wconf 83' lang='lat' dir='ltr'>onmia</span> <span class='ocrx_word' id='word_1_159' title='bbox 828 1766 881 1795; x_wconf 86' lang='lat' dir='ltr'>ea</span> <span class='ocrx_word' id='word_1_160' title='bbox 907 1757 945 1795; x_wconf 85' lang='lat' dir='ltr'>ct</span> <span class='ocrx_word' id='word_1_161' title='bbox 978 1753 1155 1806; x_wconf 62' lang='lat' dir='ltr'>singula</span> <span class='ocrx_word' id='word_1_162' title='bbox 1175 1767 1202 1794; x_wconf 82' lang='lat' dir='ltr'>a</span> <span class='ocrx_word' id='word_1_163' title='bbox 1226 1753 1370 1804; x_wconf 76' lang='lat' dir='ltr'>vobis,</span> <span class='ocrx_word' id='word_1_164' title='bbox 1393 1753 1577 1795; x_wconf 85' lang='lat' dir='ltr'>domino</span> <span class='ocrx_word' id='word_1_165' title='bbox 1603 1767 1702 1795; x_wconf 80' lang='lat' dir='ltr'>ineo</span> 
     </span>
     <span class='ocr_line' id='line_1_22' title="bbox 133 1823 1706 1880; baseline -0.001 -14"><span class='ocrx_word' id='word_1_166' title='bbox 133 1823 391 1879; x_wconf 87' lang='lat' dir='ltr'>supradicto</span> <span class='ocrx_word' id='word_1_167' title='bbox 421 1824 654 1879; x_wconf 89' lang='lat' dir='ltr'>episcopo,</span> <span class='ocrx_word' id='word_1_168' title='bbox 687 1827 730 1866; x_wconf 91' lang='lat' dir='ltr'>et</span> <span class='ocrx_word' id='word_1_169' title='bbox 757 1824 1092 1866; x_wconf 82' lang='lat' dir='ltr'>successoribus</span> <span class='ocrx_word' id='word_1_170' title='bbox 1123 1824 1299 1872; x_wconf 83' lang='lat' dir='ltr'>vestris,</span> <span class='ocrx_word' id='word_1_171' title='bbox 1340 1838 1417 1879; x_wconf 84' lang='lat' dir='ltr'>per</span> <span class='ocrx_word' id='word_1_172' title='bbox 1449 1838 1518 1866; x_wconf 80' lang='lat' dir='ltr'>ine</span> <span class='ocrx_word' id='word_1_173' title='bbox 1557 1828 1601 1866; x_wconf 85' lang='lat' dir='ltr'>ct</span> <span class='ocrx_word' id='word_1_174' title='bbox 1627 1839 1706 1880; x_wconf 77' lang='lat' dir='ltr'>per</span> 
     </span>
     <span class='ocr_line' id='line_1_23' title="bbox 133 1896 1703 1951; baseline -0.002 -14"><span class='ocrx_word' id='word_1_175' title='bbox 133 1908 414 1937; x_wconf 76' lang='lat' dir='ltr'>successores</span> <span class='ocrx_word' id='word_1_176' title='bbox 449 1909 590 1947; x_wconf 90' lang='lat' dir='ltr'>meos,</span> <span class='ocrx_word' id='word_1_177' title='bbox 616 1896 788 1951; x_wconf 80' lang='lat' dir='ltr'>jurans,</span> <span class='ocrx_word' id='word_1_178' title='bbox 818 1896 944 1938; x_wconf 85' lang='lat' dir='ltr'>tactis</span> <span class='ocrx_word' id='word_1_179' title='bbox 967 1896 1263 1938; x_wconf 84' lang='lat' dir='ltr'>sacrosanctis</span> <span class='ocrx_word' id='word_1_180' title='bbox 1292 1896 1554 1951; x_wconf 73' lang='lat' dir='ltr'>evangeliis,</span> <span class='ocrx_word' id='word_1_181' title='bbox 1592 1896 1703 1938; x_wconf 80' lang='lat' dir='ltr'>fide-</span> 
     </span>
     <span class='ocr_line' id='line_1_24' title="bbox 132 1965 1700 2022; baseline -0.001 -15"><span class='ocrx_word' id='word_1_182' title='bbox 132 1965 321 2014; x_wconf 85' lang='lat' dir='ltr'>litatem,</span> <span class='ocrx_word' id='word_1_183' title='bbox 353 1970 397 2009; x_wconf 91' lang='lat' dir='ltr'>et</span> <span class='ocrx_word' id='word_1_184' title='bbox 432 1981 485 2009; x_wconf 89' lang='lat' dir='ltr'>ea</span> <span class='ocrx_word' id='word_1_185' title='bbox 517 1981 604 2022; x_wconf 82' lang='lat' dir='ltr'>que</span> <span class='ocrx_word' id='word_1_186' title='bbox 640 1968 724 2009; x_wconf 90' lang='lat' dir='ltr'>sub</span> <span class='ocrx_word' id='word_1_187' title='bbox 756 1967 971 2010; x_wconf 79' lang='lat' dir='ltr'>fidelitate</span> <span class='ocrx_word' id='word_1_188' title='bbox 1005 1967 1295 2009; x_wconf 83' lang='lat' dir='ltr'>continentur</span> <span class='ocrx_word' id='word_1_189' title='bbox 1333 1982 1413 2022; x_wconf 83' lang='lat' dir='ltr'>pro</span> <span class='ocrx_word' id='word_1_190' title='bbox 1443 1968 1700 2022; x_wconf 79' lang='lat' dir='ltr'>supradicto</span> 
     </span>
     <span class='ocr_line' id='line_1_25' title="bbox 134 2037 1702 2094; baseline -0.001 -14"><span class='ocrx_word' id='word_1_191' title='bbox 134 2037 267 2080; x_wconf 81' lang='lat' dir='ltr'>teudo</span> <span class='ocrx_word' id='word_1_192' title='bbox 289 2040 333 2080; x_wconf 91' lang='lat' dir='ltr'>et</span> <span class='ocrx_word' id='word_1_193' title='bbox 354 2051 434 2093; x_wconf 84' lang='lat' dir='ltr'>pro</span> <span class='ocrx_word' id='word_1_194' title='bbox 455 2038 668 2080; x_wconf 89' lang='lat' dir='ltr'>omnibus</span> <span class='ocrx_word' id='word_1_195' title='bbox 690 2038 1024 2094; x_wconf 83' lang='lat' dir='ltr'>suprascriptis,</span> <span class='ocrx_word' id='word_1_196' title='bbox 1053 2038 1255 2080; x_wconf 76' lang='lat' dir='ltr'>faciendo</span> <span class='ocrx_word' id='word_1_197' title='bbox 1277 2038 1378 2079; x_wconf 81' lang='lat' dir='ltr'>inde</span> <span class='ocrx_word' id='word_1_198' title='bbox 1401 2038 1528 2079; x_wconf 78' lang='lat' dir='ltr'>vobis</span> <span class='ocrx_word' id='word_1_199' title='bbox 1558 2039 1702 2079; x_wconf 80' lang='lat' dir='ltr'>homi-</span> 
     </span>
     <span class='ocr_line' id='line_1_26' title="bbox 132 2109 1704 2164; baseline 0 -14"><span class='ocrx_word' id='word_1_200' title='bbox 132 2109 260 2150; x_wconf 90' lang='lat' dir='ltr'>nium</span> <span class='ocrx_word' id='word_1_201' title='bbox 287 2109 341 2151; x_wconf 90' lang='lat' dir='ltr'>de</span> <span class='ocrx_word' id='word_1_202' title='bbox 367 2110 590 2164; x_wconf 80' lang='lat' dir='ltr'>presenti,</span> <span class='ocrx_word' id='word_1_203' title='bbox 624 2109 835 2152; x_wconf 86' lang='lat' dir='ltr'>manibus</span> <span class='ocrx_word' id='word_1_204' title='bbox 864 2109 975 2151; x_wconf 87' lang='lat' dir='ltr'>meis</span> <span class='ocrx_word' id='word_1_205' title='bbox 1011 2109 1126 2151; x_wconf 89' lang='lat' dir='ltr'>inter</span> <span class='ocrx_word' id='word_1_206' title='bbox 1160 2123 1321 2151; x_wconf 85' lang='lat' dir='ltr'>manus</span> <span class='ocrx_word' id='word_1_207' title='bbox 1357 2112 1530 2151; x_wconf 80' lang='lat' dir='ltr'>vestras</span> <span class='ocrx_word' id='word_1_208' title='bbox 1569 2110 1704 2152; x_wconf 82' lang='lat' dir='ltr'>inter-</span> 
     </span>
     <span class='ocr_line' id='line_1_27' title="bbox 134 2179 1702 2236; baseline -0.001 -14"><span class='ocrx_word' id='word_1_209' title='bbox 134 2179 318 2235; x_wconf 88' lang='lat' dir='ltr'>positis;</span> <span class='ocrx_word' id='word_1_210' title='bbox 362 2180 630 2235; x_wconf 87' lang='lat' dir='ltr'>promittens</span> <span class='ocrx_word' id='word_1_211' title='bbox 679 2180 720 2221; x_wconf 92' lang='lat' dir='ltr'>in</span> <span class='ocrx_word' id='word_1_212' title='bbox 759 2181 858 2236; x_wconf 84' lang='lat' dir='ltr'>ipso</span> <span class='ocrx_word' id='word_1_213' title='bbox 893 2184 1175 2223; x_wconf 84' lang='lat' dir='ltr'>sacramento</span> <span class='ocrx_word' id='word_1_214' title='bbox 1215 2180 1444 2222; x_wconf 70' lang='lat' dir='ltr'>fidelitatis</span> <span class='ocrx_word' id='word_1_215' title='bbox 1489 2181 1620 2222; x_wconf 74' lang='lat' dir='ltr'>vobis</span> <span class='ocrx_word' id='word_1_216' title='bbox 1660 2184 1702 2222; x_wconf 83' lang='lat' dir='ltr'>et</span> 
     </span>
     <span class='ocr_line' id='line_1_28' title="bbox 132 2250 1701 2307; baseline 0 -15"><span class='ocrx_word' id='word_1_217' title='bbox 132 2250 469 2293; x_wconf 85' lang='lat' dir='ltr'>successoribus</span> <span class='ocrx_word' id='word_1_218' title='bbox 510 2251 695 2297; x_wconf 83' lang='lat' dir='ltr'>vestris,</span> <span class='ocrx_word' id='word_1_219' title='bbox 737 2252 857 2307; x_wconf 86' lang='lat' dir='ltr'>quod</span> <span class='ocrx_word' id='word_1_220' title='bbox 898 2266 980 2306; x_wconf 72' lang='lat' dir='ltr'>ego</span> <span class='ocrx_word' id='word_1_221' title='bbox 1021 2254 1063 2294; x_wconf 90' lang='lat' dir='ltr'>et</span> <span class='ocrx_word' id='word_1_222' title='bbox 1101 2265 1381 2294; x_wconf 73' lang='lat' dir='ltr'>successores</span> <span class='ocrx_word' id='word_1_223' title='bbox 1423 2252 1507 2293; x_wconf 88' lang='lat' dir='ltr'>mei</span> <span class='ocrx_word' id='word_1_224' title='bbox 1537 2252 1701 2293; x_wconf 81' lang='lat' dir='ltr'>dictam</span> 
     </span>
     <span class='ocr_line' id='line_1_29' title="bbox 132 2321 1699 2378; baseline 0.001 -15"><span class='ocrx_word' id='word_1_225' title='bbox 132 2321 398 2364; x_wconf 78' lang='lat' dir='ltr'>fidelitatem</span> <span class='ocrx_word' id='word_1_226' title='bbox 420 2325 465 2364; x_wconf 92' lang='lat' dir='ltr'>et</span> <span class='ocrx_word' id='word_1_227' title='bbox 492 2322 762 2374; x_wconf 89' lang='lat' dir='ltr'>hominium,</span> <span class='ocrx_word' id='word_1_228' title='bbox 785 2325 828 2365; x_wconf 89' lang='lat' dir='ltr'>et</span> <span class='ocrx_word' id='word_1_229' title='bbox 848 2323 936 2365; x_wconf 81' lang='lat' dir='ltr'>alia</span> <span class='ocrx_word' id='word_1_230' title='bbox 956 2323 1124 2375; x_wconf 84' lang='lat' dir='ltr'>onmia,</span> <span class='ocrx_word' id='word_1_231' title='bbox 1157 2326 1206 2364; x_wconf 90' lang='lat' dir='ltr'>ut</span> <span class='ocrx_word' id='word_1_232' title='bbox 1235 2323 1592 2378; x_wconf 69' lang='lat' dir='ltr'>siqu-ascriptum</span> <span class='ocrx_word' id='word_1_233' title='bbox 1616 2326 1699 2365; x_wconf 83' lang='lat' dir='ltr'>est..</span> 
     </span>
     <span class='ocr_line' id='line_1_30' title="bbox 131 2393 1703 2446; baseline 0 -11"><span class='ocrx_word' id='word_1_234' title='bbox 131 2393 454 2435; x_wconf 86' lang='lat' dir='ltr'>inviolabiliter</span> <span class='ocrx_word' id='word_1_235' title='bbox 481 2394 816 2446; x_wconf 84' lang='lat' dir='ltr'>exhibebimus,</span> <span class='ocrx_word' id='word_1_236' title='bbox 847 2397 891 2436; x_wconf 92' lang='lat' dir='ltr'>et</span> <span class='ocrx_word' id='word_1_237' title='bbox 917 2394 1110 2436; x_wconf 81' lang='lat' dir='ltr'>fideliter</span> <span class='ocrx_word' id='word_1_238' title='bbox 1137 2394 1438 2445; x_wconf 79' lang='lat' dir='ltr'>servabimus,</span> <span class='ocrx_word' id='word_1_239' title='bbox 1480 2398 1523 2435; x_wconf 83' lang='lat' dir='ltr'>et</span> <span class='ocrx_word' id='word_1_240' title='bbox 1555 2397 1703 2436; x_wconf 82' lang='lat' dir='ltr'>custo-</span> 
     </span>
     <span class='ocr_line' id='line_1_31' title="bbox 132 2464 1700 2509; baseline -0.001 -3"><span class='ocrx_word' id='word_1_241' title='bbox 132 2464 311 2507; x_wconf 91' lang='lat' dir='ltr'>diemus</span> <span class='ocrx_word' id='word_1_242' title='bbox 347 2467 607 2507; x_wconf 86' lang='lat' dir='ltr'>constanter</span> <span class='ocrx_word' id='word_1_243' title='bbox 642 2468 686 2507; x_wconf 90' lang='lat' dir='ltr'>et</span> <span class='ocrx_word' id='word_1_244' title='bbox 716 2466 904 2509; x_wconf 75' lang='lat' dir='ltr'>devotez</span> <span class='ocrx_word' id='word_1_245' title='bbox 948 2466 992 2507; x_wconf 91' lang='lat' dir='ltr'>in</span> <span class='ocrx_word' id='word_1_246' title='bbox 1033 2467 1192 2507; x_wconf 84' lang='lat' dir='ltr'>eodem</span> <span class='ocrx_word' id='word_1_247' title='bbox 1235 2465 1375 2507; x_wconf 83' lang='lat' dir='ltr'>eciam</span> <span class='ocrx_word' id='word_1_248' title='bbox 1419 2469 1700 2507; x_wconf 80' lang='lat' dir='ltr'>sacramento</span> 
     </span>
     <span class='ocr_line' id='line_1_32' title="bbox 132 2535 1697 2592; baseline 0.001 -16"><span class='ocrx_word' id='word_1_249' title='bbox 132 2535 400 2590; x_wconf 79' lang='lat' dir='ltr'>promittens</span> <span class='ocrx_word' id='word_1_250' title='bbox 434 2538 556 2591; x_wconf 87' lang='lat' dir='ltr'>quod</span> <span class='ocrx_word' id='word_1_251' title='bbox 583 2550 665 2591; x_wconf 79' lang='lat' dir='ltr'>ego</span> <span class='ocrx_word' id='word_1_252' title='bbox 696 2536 765 2577; x_wconf 83' lang='lat' dir='ltr'>vel</span> <span class='ocrx_word' id='word_1_253' title='bbox 800 2536 915 2589; x_wconf 87' lang='lat' dir='ltr'>mei,</span> <span class='ocrx_word' id='word_1_254' title='bbox 952 2540 1106 2578; x_wconf 75' lang='lat' dir='ltr'>contra</span> <span class='ocrx_word' id='word_1_255' title='bbox 1134 2537 1332 2592; x_wconf 78' lang='lat' dir='ltr'>predicta</span> <span class='ocrx_word' id='word_1_256' title='bbox 1364 2536 1432 2578; x_wconf 79' lang='lat' dir='ltr'>vel</span> <span class='ocrx_word' id='word_1_257' title='bbox 1464 2537 1614 2591; x_wconf 77' lang='lat' dir='ltr'>aliqua</span> <span class='ocrx_word' id='word_1_258' title='bbox 1635 2536 1697 2586; x_wconf 83' lang='lat' dir='ltr'>(l)</span> 
     </span>
     <span class='ocr_line' id='line_1_33' title="bbox 131 2606 1700 2663; baseline 0.001 -15"><span class='ocrx_word' id='word_1_259' title='bbox 131 2606 452 2661; x_wconf 78' lang='lat' dir='ltr'>predictorum,</span> <span class='ocrx_word' id='word_1_260' title='bbox 491 2620 726 2663; x_wconf 85' lang='lat' dir='ltr'>nunquam</span> <span class='ocrx_word' id='word_1_261' title='bbox 768 2607 1004 2650; x_wconf 79' lang='lat' dir='ltr'>veniemus</span> <span class='ocrx_word' id='word_1_262' title='bbox 1044 2608 1195 2663; x_wconf 85' lang='lat' dir='ltr'>aliquo</span> <span class='ocrx_word' id='word_1_263' title='bbox 1228 2608 1352 2663; x_wconf 79' lang='lat' dir='ltr'>jure,</span> <span class='ocrx_word' id='word_1_264' title='bbox 1399 2607 1596 2659; x_wconf 82' lang='lat' dir='ltr'>ratione,</span> <span class='ocrx_word' id='word_1_265' title='bbox 1632 2609 1700 2649; x_wconf 75' lang='lat' dir='ltr'>vel</span> 
     </span>
     <span class='ocr_line' id='line_1_34' title="bbox 129 2678 1055 2734; baseline -0.001 -14"><span class='ocrx_word' id='word_1_266' title='bbox 129 2690 269 2720; x_wconf 86' lang='lat' dir='ltr'>causa</span> <span class='ocrx_word' id='word_1_267' title='bbox 296 2690 383 2733; x_wconf 85' lang='lat' dir='ltr'>que</span> <span class='ocrx_word' id='word_1_268' title='bbox 410 2678 495 2720; x_wconf 89' lang='lat' dir='ltr'>dici</span> <span class='ocrx_word' id='word_1_269' title='bbox 523 2678 594 2720; x_wconf 81' lang='lat' dir='ltr'>vel</span> <span class='ocrx_word' id='word_1_270' title='bbox 623 2679 867 2734; x_wconf 81' lang='lat' dir='ltr'>excogitari</span> <span class='ocrx_word' id='word_1_271' title='bbox 899 2679 1055 2734; x_wconf 79' lang='lat' dir='ltr'>possit.</span> 
     </span>
    </p>

    <p class='ocr_par' dir='ltr' id='par_1_5' title="bbox 129 2748 1701 2876">
     <span class='ocr_line' id='line_1_35' title="bbox 196 2748 1700 2804; baseline -0.001 -14"><span class='ocrx_word' id='word_1_272' title='bbox 196 2748 319 2790; x_wconf 88' lang='lat' dir='ltr'>Hanc</span> <span class='ocrx_word' id='word_1_273' title='bbox 336 2749 690 2803; x_wconf 82' lang='lat' dir='ltr'>recognicionem</span> <span class='ocrx_word' id='word_1_274' title='bbox 709 2750 893 2804; x_wconf 80' lang='lat' dir='ltr'>quidem</span> <span class='ocrx_word' id='word_1_275' title='bbox 910 2750 1053 2796; x_wconf 76' lang='lat' dir='ltr'>vobis,</span> <span class='ocrx_word' id='word_1_276' title='bbox 1075 2750 1258 2792; x_wconf 86' lang='lat' dir='ltr'>domino</span> <span class='ocrx_word' id='word_1_277' title='bbox 1276 2763 1390 2800; x_wconf 77' lang='lat' dir='ltr'>ineo,</span> <span class='ocrx_word' id='word_1_278' title='bbox 1413 2749 1542 2801; x_wconf 77' lang='lat' dir='ltr'>facio,</span> <span class='ocrx_word' id='word_1_279' title='bbox 1563 2749 1700 2791; x_wconf 80' lang='lat' dir='ltr'>salvis</span> 
     </span>
     <span class='ocr_line' id='line_1_36' title="bbox 129 2819 1701 2876; baseline 0.002 -16"><span class='ocrx_word' id='word_1_280' title='bbox 129 2819 257 2861; x_wconf 84' lang='lat' dir='ltr'>vobis</span> <span class='ocrx_word' id='word_1_281' title='bbox 284 2822 329 2862; x_wconf 85' lang='lat' dir='ltr'>et</span> <span class='ocrx_word' id='word_1_282' title='bbox 349 2821 685 2862; x_wconf 88' lang='lat' dir='ltr'>successoribus</span> <span class='ocrx_word' id='word_1_283' title='bbox 709 2821 868 2865; x_wconf 85' lang='lat' dir='ltr'>vestris</span> <span class='ocrx_word' id='word_1_284' title='bbox 891 2821 989 2862; x_wconf 80' lang='lat' dir='ltr'>aliis</span> <span class='ocrx_word' id='word_1_285' title='bbox 1015 2821 1177 2872; x_wconf 77' lang='lat' dir='ltr'>feudis,</span> <span class='ocrx_word' id='word_1_286' title='bbox 1203 2824 1247 2862; x_wconf 84' lang='lat' dir='ltr'>ct</span> <span class='ocrx_word' id='word_1_287' title='bbox 1268 2821 1364 2876; x_wconf 82' lang='lat' dir='ltr'>jure</span> <span class='ocrx_word' id='word_1_288' title='bbox 1388 2835 1468 2876; x_wconf 86' lang='lat' dir='ltr'>pro</span> <span class='ocrx_word' id='word_1_289' title='bbox 1490 2821 1553 2863; x_wconf 89' lang='lat' dir='ltr'>eis</span> <span class='ocrx_word' id='word_1_290' title='bbox 1575 2821 1701 2863; x_wconf 77' lang='lat' dir='ltr'>vobis</span> 
     </span>
    </p>
   </div>
   <div class='ocr_carea' id='block_1_3' title="bbox 179 2973 555 3020">
    <p class='ocr_par' dir='ltr' id='par_1_6' title="bbox 179 2973 555 3020">
     <span class='ocr_line' id='line_1_37' title="bbox 179 2973 555 3020; baseline 0 -12"><span class='ocrx_word' id='word_1_291' title='bbox 179 2973 227 3018; x_wconf 77' lang='lat' dir='ltr'>(l&#39;)</span> <span class='ocrx_word' id='word_1_292' title='bbox 257 2975 382 3009; x_wconf 57' lang='lat' dir='ltr'>Cart:</span> <span class='ocrx_word' id='word_1_293' title='bbox 406 2974 555 3020; x_wconf 77' lang='lat' dir='ltr'>aliquo.</span> 
     </span>
    </p>
   </div>
  </div>
 </body>
</html>
