2070 3486
997 271 1046 275 —
1085 243 1257 285 648—

831 416 1005 451 DLXlll.
1039 436 1078 439 μ
1106 416 1127 449 8
1153 413 1290 460 juillet
1321 414 1409 449 1248

341 511 578 545 Innocent
609 509 678 543 IV
704 485 959 553 'appr-ouva
988 507 1035 541 la
1065 507 1395 551 permutation
1422 506 1540 541 faite
1569 516 1660 551 par
1688 505 1903 552 veveque

387 569 446 604 de
472 567 651 613 reg-lise
683 568 742 602 de
765 566 1127 602 Sainte-Marie
1155 566 1214 600 de
1243 561 1496 611 Melgueil‚
1529 565 1808 611 dependant
1840 567 1905 601 du

389 627 636 672 Chapitre‚
659 627 828 661 contre
846 625 1081 670 quelques
1101 624 1277 670 eglises
1295 624 1574 670 dependant
1594 625 1654 660 de
1674 624 1903 670 l'evequo.

1192 696 1288 735 (stag.
1315 696 1347 732 F,
1372 696 1430 725 fol.
1456 695 1513 725 166
1533 700 1568 725 ν’
1586 697 1621 726 et
1641 695 1696 726 1⁴37
1719 696 1776 734 ν’).

386 773 500 817 redito
523 780 626 816 (lans
648 780 831 816 Battum-e
853 780 899 815 sle
923 773 1088 824 l'li'yle'se
1110 779 1157 814 (Ic
1176 779 1422 823 Μαῃιιυίοηε,
1446 780 1475 814 t.
1498 780 1543 821 ΙΙ,
1568 790 1604 826 p.
1625 779 1706 814 2ῖο.

850 1004 1023 1038 DLXIV.
1053 1025 1096 1028 —
1124 1004 1165 1039 21
1195 1002 1294 1039 aeut
1325 1002 1413 1039 1248

384 1107 614 1150 Rainier‚
651 1105 837 1152 leveque
877 1107 937 1142 de
969 1107 1287 1152 Maguelone,
1324 1107 1442 1143 cede
1478 1117 1542 1142 au
1584 1107 1753 1152 prieur
1796 1107 1856 1143 de

445 1166 733 1212 Guzargues
752 1166 824 1201 les
845 1167 1000 1202 droits
1022 1167 1371 1212 seigneuriaux
1389 1177 1474 1201 sur
1495 1166 1799 1212 Guzargues.

395 1261 524 1301 Anno
558 1259 787 1301 Dominice
819 1259 1149 1301 Incarnacionis
1186 1259 1425 1301 millesimo
1455 1259 1765 1302 ducentesimo
1793 1273 1905 1315 qua-

332 1331 588 1386 dragesimo
622 1333 803 1377 octavo,
842 1330 1009 1373 scilicet
1047 1331 1315 1373 duodecimo
1357 1331 1573 1373 kalendas
1614 1330 1900 1386 septembris,

334 1416 414 1444 nos
444 1402 579 1444 frater
616 1402 881 1458 Raynerius,
917 1402 1072 1444 divina
1100 1402 1398 1457 permissione
1426 1402 1760 1457 Magalouensis
1787 1401 1902 1458 epis·

334 1487 490 1529 copus,
514 1486 666 1516 comes
688 1476 732 1515 et
753 1473 964 1515 dominus
987 1473 1189 1529 Melgorii
1217 1477 1261 1515 et
1287 1472 1709 1516 Montisferrandi...
1739 1474 1902 1516 damus

332 1546 377 1587 in
405 1545 632 1600 acapitum
665 1559 744 1587 seu
783 1545 829 1586 in
867 1545 1241 1600 emphiteosim...
1284 1559 1364 1600 pro
1401 1544 1600 1587 evidenti
1633 1544 1826 1587 utilitate
1859 1541 1905 1587 et

334 1617 600 1659 necessitate
637 1616 924 1672 episcopatus
965 1616 1313 1671 Magalonensis,
1345 1616 1586 1658 comitatus
1620 1615 1824 1671 Melgorii
1859 1619 1904 1658 et

333 1687 714 1736 illontisferrandi,
754 1687 921 1730 scilicet
953 1701 1034 1743 pro
1069 1687 1232 1730 debitis
1275 1687 1319 1728 in
1354 1687 1478 1729 curia
1511 1688 1714 1729 Romana
1755 1687 1904 1730 exsol-

332 1759 518 1807 vendis,
555 1759 634 1801 tihi
667 1759 898 1814 Stephano
925 1759 980 1801 de
1008 1758 1199 1814 Campo,
1233 1759 1391 1801 rectori
1425 1758 1610 1801 ecclesie
1639 1758 1789 1800 Sancti
1823 1758 1904 1800 Mi-

332 1831 499 1874 chaelis
521 1832 574 1873 de
603 1830 885 1886 Agusanicis‚
917 1833 961 1872 et
988 1831 1323 1873 successorihus
1360 1830 1463 1878 tuis,
1496 1829 1679 1872 nomine
1719 1829 1902 1872 ecclesie

331 1902 544 1958 predicte,
580 1905 623 1944 et
656 1902 726 1944 cui
755 1902 824 1943 vel
853 1901 1017 1957 quihus
1043 1902 1254 1949 volucris,
1280 1903 1337 1943 ad
1365 1902 1582 1949 dandum,
1610 1901 1900 1943 vendendum

331 1974 744 2029 impignorandum,
785 1973 1062 2028 exceptis...
1105 1987 1206 2015 cum
1236 1973 1423 2015 consilio
1464 1976 1614 2015 tamen
1650 1974 1821 2022 nostro,
1857 1974 1902 2015 et

332 2048 590 2088 nostrorum
638 2058 975 2093 successorum,
1019 2045 1228 2087 videlicet
1272 2044 1426 2087 omnia
1464 2057 1656 2099 pascua,
1705 2043 1896 2092 cassiva,

334 2130 533 2165 nemora,
564 2116 780 2172 garrigas‚
808 2119 952 2171 prata,
978 2129 1136 2172 aquas,
1164 2116 1299 2164 rivos,
1326 2115 1488 2164 fontes,
1515 2118 1708 2167 montes,
1739 2114 1898 2164 valles,

334 2188 588 2236 mollerias,
614 2191 658 2230 et
689 2187 843 2230 omnia
864 2187 983 2230 culta
1004 2190 1049 2230 et
1070 2188 1252 2237 inculta,
1287 2188 1510 2235 heremos,
1535 2187 1718 2229 arbores
1751 2186 1904 2228 fructi-

332 2260 449 2302 feras
477 2262 521 2302 et
548 2273 636 2301 uon
661 2258 927 2307 fructiferas,
955 2259 1178 2307 homines,
1201 2259 1388 2306 usatica,
1415 2271 1599 2300 mansos
1620 2257 1794 2300 dirutos
1823 2270 1903 2300 seu

330 2331 578 2379 edificatos,
622 2331 772 2377 feuda,
814 2330 1000 2379 fenalia,
1032 2330 1259 2385 homagia,
1292 2330 1477 2372 consilia
1511 2332 1554 2371 et
1590 2328 1828 2376 laudimia,
1860 2340 1905 2380 et

332 2402 485 2445 omnia
511 2402 599 2444 alia
620 2416 707 2457 que
746 2403 967 2444 habemus
999 2416 1078 2444 seu
1106 2402 1408 2457 possidemus,
1444 2401 1516 2443 vel
1546 2400 1676 2456 quasi
1700 2400 1902 2456 posside-

330 2487 484 2516 mus...
519 2474 585 2515 vel
615 2476 924 2516 antecessores
959 2473 1098 2515 nostri
1135 2474 1443 2515 habueruntw
1476 2471 1594 2514 infra
1615 2471 1897 2527 parrochiam

333 2546 481 2587 Sancti
506 2545 736 2587 Michaelis
764 2546 818 2587 de
842 2545 1124 2600 Agusanicis.

394 2618 579 2672 Propter
618 2617 733 2658 hanc
776 2619 930 2658 autem
975 2616 1138 2672 acapiti
1182 2615 1497 2663 donationem,
1541 2614 1895 2663 concessionem,

336 2688 515 2730 firmam
538 2690 581 2730 et
602 2690 820 2744 perpetuo
842 2687 1101 2736 valituram,
1124 2687 1285 2730 dedisti
1307 2689 1351 2729 et
1371 2686 1545 2729 solvisti
1567 2685 1698 2728 nobis
1719 2688 1900 2728 eentum

331 2760 469 2801 libras
513 2759 858 2815 melgorienses,
902 2773 1036 2815 quas,
1082 2773 1189 2801 vera
1228 2758 1542 2801 numeratione
1580 2760 1625 2801 et
1659 2756 1900 2800 traditione

335 2831 757 2877 interveniomibus,
784 2845 810 2872 a
831 2833 873 2872 te
895 2830 1195 2872 habuimus...
1229 2829 1548 2871 renunciamus
1571 2827 1899 2885 exceptioni...

392 2902 556 2943 Verum
587 2915 665 2957 pro
696 2901 907 2957 predictis
942 2901 1154 2943 omnibus
1183 2900 1586 2956 supranominatis,
1623 2899 1752 2942 dabis
1782 2901 1828 2941 tu
1856 2901 1900 2942 et
