2070 3486
987 311 1037 316 —
1076 285 1162 327 572
1197 310 1251 315 —

337 385 577 426 solvendos
605 383 722 424 dicto
756 381 950 424 curatori
984 384 1027 423 et
1055 380 1239 436 prelatis
1275 380 1523 422 minorihus
1551 380 1608 421 al)
1643 379 1740 435 ipso
1770 381 1898 422 Petro

343 458 390 498 R.
418 470 497 510 pro
520 454 732 509 expensis
754 453 859 494 litis.
1488 439 1491 441 i

398 528 520 577 Quod
546 526 728 580 quidem
750 526 979 566 decretum
1004 523 1320 565 sententiando
1345 523 1510 565 factum
1535 523 1616 564 luit
1637 526 1680 564 et
1702 536 1899 577 pronun-

340 599 527 640 ciatum.
560 600 602 638 rt
635 596 752 638 dicta
784 595 1138 649 condenipnacio
1172 595 1337 637 scilicet
1374 594 1483 636 lacta
1510 594 1591 636 luit
1624 597 1667 635 et
1695 593 1898 636 recitavio

340 668 649 723 sollempniter
685 681 710 708 a
740 666 857 708 dicto
891 665 1073 708 officiali
1095 669 1139 708 el,
1165 665 1327 721 judice,
1357 680 1475 707 anno
1498 665 1727 707 Dominice
1756 666 1901 706 Incar-

341 740 533 781 nationis
566 738 805 780 millesimo
840 737 1149 779 ducentesimo
1189 737 1536 792 quadragesimo
1570 737 1743 791 primo,
1783 749 1901 778 nono

341 811 554 853 kalendas
569 809 776 865 januarii,
796 809 841 850 in
860 809 1091 864 presencia
1111 812 1153 849 et
1172 808 1429 850 testimonio
1453 808 1652 860 magistri
1673 807 1902 849 Michaelis

339 884 393 924 de
415 882 715 927 Claromonte‚
747 879 948 934 Hugonis
976 881 1030 921 de
1059 881 1222 921 Sancto
1254 880 1421 933 Egidio,
1451 879 1678 921 Guillelnii
1704 879 1899 926 Lueiani,

342 953 559 1008 Stephani
587 952 757 1000 Clerici,
789 955 833 994 et
860 951 950 993 mei
972 951 1088 993 Petri
1111 952 1167 993 de
1191 951 1355 993 Pamiis
1378 951 1556 992 notarii.

404 1099 507 1138 Post
532 1097 628 1143 hec,
655 1109 773 1138 anno
804 1109 893 1150 quo
928 1108 1087 1150 supra,
1113 1094 1309 1137 crastina
1338 1094 1436 1142 die,
1472 1094 1610 1149 judex
1633 1097 1677 1136 ct
1697 1093 1904 1135 officialis

343 1169 642 1224 supradictus,
673 1169 889 1210 accedens
916 1166 1208 1221 corporaliter
1239 1167 1295 1208 ad
1324 1166 1675 1221 suprascriptam
1707 1165 1900 1214 vineam,

341 1254 427 1295 que
445 1240 569 1282 estin
587 1239 704 1281 dicto
723 1251 883 1280 manso
899 1239 955 1280 de
973 1237 1140 1290 Grecio‚
1160 1251 1247 1293 que
1265 1237 1575 1279 confrontatur
1592 1250 1649 1278 ex
1667 1250 1759 1278 una
1781 1238 1906 1292 parte

342 1319 441 1353 cu'm
484 1311 616 1353 vinea
654 1310 810 1352 uxoris
846 1309 963 1351 Petri
998 1308 1240 1351 Raimundi
1273 1308 1545 1363 supradicti,
1593 1307 1822 1350 carairone
1862 1307 1907 1349 in

344 1384 509 1431 medio,
546 1386 589 1424 et
617 1396 673 1424 ex
703 1380 791 1423 alia
812 1383 939 1435 parte
969 1393 1070 1421 cum
1094 1379 1316 1434 planterio
1338 1379 1565 1421 Gnillelmi
1597 1379 1788 1426 l‘rineer‚
1815 1391 1908 1420 car-

343 1456 517 1498 rairone
553 1454 595 1494 in
626 1452 795 1500 medio,
828 1454 954 1493 etex
988 1451 1076 1493 alia
1107 1454 1233 1506 parte
1270 1465 1372 1493 cum
1413 1450 1631 1506 planterio
1665 1449 1907 1492 Raimundi

345 1529 398 1569 de
438 1526 531 1573 Via,
571 1524 824 1566 earrairone
860 1523 907 1564 in
939 1523 1116 1570 medio,
1145 1525 1189 1564 et
1224 1536 1281 1563 ex
1319 1522 1408 1564 alia
1446 1526 1569 1577 parte
1603 1535 1704 1564 cuin
1738 1522 1907 1563 honore

345 1597 545 1641 unii-aldi
574 1594 816 1642 xlamandi,
830 1607 932 1636 rasa
948 1594 993 1635 in
1005 1593 1171 1639 medio,
1186 1594 1307 1635 misit
1319 1593 1553 1635 etinduxit
1570 1593 1611 1633 in
1629 1592 1905 1648 corporalem

347 1669 682 1725 possessionem
700 1666 844 1721 ipsius
858 1666 989 1708 vinee
1010 1665 1207 1720 predicte
1222 1666 1504 1720 Stephanum
1520 1665 1718 1706 Boi-odos
1737 1663 1909 1705 ratione

345 1741 459 1782 dicte
487 1753 605 1785 rure,
632 1741 675 1779 et
702 1737 927 1792 prefatum
948 1737 1202 1778 ,Iohannem
1228 1737 1427 1778 Bocados
1450 1750 1529 1791 pro
1558 1750 1604 1777 se
1633 1739 1677 1777 et
1697 1734 1910 1777 Guiraldo

348 1812 479 1853 tratre
503 1825 583 1852 suo
607 1823 743 1852 causa
761 1809 825 1850 rei
853 1809 1090 1854 servande,
1124 1811 1173 1849 ut
1199 1807 1345 1849 dictus
1372 1807 1487 1848 Petri
1510 1807 1769 1853 Raiinun‹li,'
1794 1806 1912 1848 tedio

345 1883 550 1929 affectus,
579 1881 729 1923 veniat
749 1894 899 1922 coram
919 1894 974 1921 eo
1001 1879 1273 1933 litigaturus,

406 1956 511 1996 Acta
547 1956 653 1994 sunt
684 1954 767 1995 hec
799 1951 1110 2006 sollempniter
1143 1951 1187 1991 in
1220 1951 1452 2006 presencia
1479 1953 1522 1992 et
1544 1949 1802 1992 testimonio
1821 1949 1912 1991 Hu-

347 2026 475 2079 gonis
512 2024 729 2072 Ymherti,
772 2023 991 2065 Johannis
1030 2022 1235 2069 Romani.¹
1279 2025 1323 2063 et
1356 2022 1444 2064 inei
1484 2021 1598 2064 Petri
1636 2023 1690 2063 de
1726 2020 1907 2068 Pamiis,

348 2097 505 2140 notarii
537 2096 795 2152 supradicti,
833 2095 925 2152 qui,
967 2095 1179 2138 mandato
1216 2094 1319 2137 dicti
1349 2093 1556 2136 officialis
1585 2096 1628 2135 et
1650 2092 1803 2148 bajuli,
1831 2092 1912 2135 hec

352 2169 505 2212 onmia
531 2168 705 2226 scripsi.
1615 2194 1621 2196 -

1353 2226 1449 2265 (Reg.
1472 2224 1508 2261 E.
1531 2224 1589 2256 fol.
1613 2224 1674 2256 250
1693 2226 1745 2260 r⁰).

722 2481 888 2517 DXXV.
922 2502 955 2506 —
985 2480 1007 2515 6
1031 2489 1145 2516 mars
1175 2478 1260 2514 1241
1294 2480 1346 2526 (n.
1373 2491 1403 2513 s.
1436 2478 1539 2520 1252]

355 2600 559 2636 Arnaud
587 2601 645 2636 de
666 2601 845 2645 Roqua
865 2600 1010 2646 Roya
1037 2595 1293 2633 reconnait
1319 2606 1382 2631 au
1403 2594 1651 2631 Chatelain
1671 2595 1730 2629 de
1752 2593 1915 2628 Mont-

401 2661 601 2696 ferrand
627 2661 672 2695 le
694 2659 903 2695 chateau
932 2660 992 2694 de
1022 2657 1273 2693 Montvert
1294 2657 1342 2691 et
1369 2656 1473 2691 tout
1499 2664 1554 2690 ee
1578 2653 1688 2699 qu'il
1708 2651 1916 2698 possode

402 2721 525 2755 dans
542 2720 590 2754 la
608 2720 831 2764 paroisse
852 2720 911 2754 de
933 2716 1234 2754 Valflaunes.

416 2814 542 2853 Anno
578 2811 806 2853 Dominice
834 2809 1163 2852 Inearnacionis
1204 2808 1442 2850 millesimo
1467 2805 1779 2848 ducentesimo
1808 2817 1924 2859 qua-

353 2883 607 2935 dragesimo
646 2883 817 2938 primo.
862 2882 1003 2937 pridie
1045 2895 1186 2923 nonas
1228 2879 1405 2922 murrii.
1455 2891 1538 2932 ego
1581 2877 1823 2919 Arnaudus
1863 2875 1918 2917 de

355 2957 509 3010 Roqua
548 2956 726 3010 Roya...
773 2967 1040 3008 recognosco
1080 2952 1210 2994 vohis
1245 2950 1449 2993 Maurino
1489 2950 1543 2991 de
1587 2946 1916 2996 Combalholis,

2062 3394 2070 3486 ..m—
