2070 3486
762 343 811 348 —
850 316 931 359 707
966 342 1020 348 —

108 410 402 457 mutacionis,
444 423 523 452 seu
559 411 760 453 scambii.
792 411 1056 453 auctoritate
1093 414 1241 453 vostra
1269 411 1450 467 propria
1476 412 1590 454 detis
1629 415 1668 453 el

107 481 378 535 concedatis,
410 482 515 523 dare
537 483 838 524 etconcedcrc
858 483 1055 537 possitis,
1083 483 1214 524 simul
1246 484 1312 524 vel
1337 483 1596 538 separatim,
1627 483 1669 524 in

109 551 459 608 emphitheosim
482 552 845 608 quibuscumque
867 554 1114 604 volueritis,
1137 554 1338 609 exceptis
1360 554 1525 596 sanctis
1547 544 1672 596 cler(-

54 669 59 674 ,
107 622 170 665 cis
208 626 252 665 et
283 623 524 667 militibus.
556 636 658 665 cum
687 624 873 665 consilio
902 627 1050 665 tamen
1082 628 1233 667 nostro
1263 625 1331 667 vel
1360 639 1669 668 successorum

107 696 365 736 nostrorum
392 709 399 742 ;
432 698 476 736 et
496 695 632 749 quod,
666 695 709 736 in
744 695 912 737 eisdem
943 696 1079 750 perii<
1103 700 1319 738 tvi-rarum
1345 700 1387 738 et
1414 697 1665 744 vinearum,

106 767 151 807 et
170 765 434 814 honoribus,
468 765 712 810 usaticum,
739 767 856 821 quod
881 769 924 808 et
945 770 1164 821 quantum
1196 768 1444 811 volueritis.
1478 768 1606 809 vobis
1628 771 1667 810 et

107 836 269 878 vestris
290 836 534 883 retineatis,
566 840 611 879 et
644 837 835 879 retinere
859 838 1063 892 possitis,
1092 842 1263 880 retento
1293 842 1442 880 tamen
1472 839 1601 881 nobis
1628 842 1671 881 et

106 907 441 949 successoribus
471 908 660 950 nostris.
694 907 735 949 in
765 908 964 962 qualibet
999 909 1275 963 quarteriata
1304 910 1502 964 ipsarum
1528 910 1671 965 pecia-

104 991 207 1020 rum
227 981 272 1020 et
297 979 537 1025 honorum,
566 993 653 1020 uno
675 979 859 1021 denario
883 979 1082 1033 Melgorii
1107 994 1185 1035 pro
1213 995 1364 1022 annuo
1392 995 1545 1023 censu.

165 1049 483 1092 Promitte-ntes
501 1050 578 1091 tibi
601 1050 834 1105 stipulanti
855 1051 974 1105 quod
996 1051 1116 1105 ipsas
1132 1051 1405 1093 donaciones
1427 1055 1471 1093 et
1490 1066 1671 1094 conces—

105 1119 256 1163 siones
277 1120 322 1162 in
344 1115 692 1175 emphitheosim
716 1134 743 1162 a
769 1124 809 1162 te
844 1124 888 1162 ct
922 1122 1009 1162 tuis
1033 1121 1274 1169 iaciendas,
1307 1123 1669 1178 quibuscunulue

107 1194 154 1234 tu
183 1193 227 1234 et
261 1191 325 1233 tui
354 1191 611 1239 volueritis,
645 1192 932 1234 laudabimus
960 1197 1003 1233 et
1030 1192 1370 1235 consiliabimus
1399 1208 1479 1236 nos
1502 1197 1545 1236 ct
1573 1208 1670 1237 suc-

103 1275 305 1305 cessores
333 1263 474 1304 nostri
503 1263 599 1305 sine
627 1263 779 1318 aliqua
799 1263 1183 1306 contradiecione:
1210 1266 1506 1307 concedentes
1528 1266 1668 1308 eciam

104 1334 253 1390 quod,
294 1334 331 1375 si
370 1334 646 1390 emphiteote
688 1348 766 1376 seu
804 1337 1087 1389 acaptalores
1122 1335 1322 1390 ipsarum
1366 1336 1593 1391 peciarum
1628 1340 1671 1379 ct

104 1405 329 1448 honorum
350 1407 534 1448 easdem
558 1406 705 1461 pecias
727 1409 770 1448 et
795 1406 1004 1451 honores,
1028 1406 1072 1447 in
1094 1407 1288 1448 solidum
1313 1402 1382 1449 vel
1410 1408 1451 1449 iu
1474 1411 1664 1462 partem,

103 1476 256 1533 aliquo
297 1480 499 1532 tempore
529 1478 739 1523 vendere,
773 1491 851 1520 seu
887 1478 1138 1521 detrahere.
1179 1478 1248 1520 vel
1276 1479 1579 1533 impignorare
1607 1479 1667 1533 (l)

105 1547 344 1592 voluerint.
368 1547 497 1591 liceat
518 1548 595 1590 tibi
620 1552 663 1591 et
687 1548 772 1590 luis
796 1548 894 1590 illas
918 1549 1067 1604 pecias
1089 1552 1133 1590 et
1154 1549 1348 1591 honores
1365 1564 1442 1604 pre
1458 1550 1670 1592 omnibus

102 1618 202 1662 aliis
230 1618 437 1666 retinere,
470 1633 550 1675 pro
580 1620 726 1674 precio
755 1621 876 1675 quod
904 1620 1017 1662 alter
1045 1620 1106 1662 ibi
1139 1620 1353 1662 obtulerit
1382 1624 1426 1663 ct
1452 1622 1556 1662 dare
1594 1635 1671 1662 vo—

40 1707 44 1712 ·
103 1690 250 1732 luerit.
277 1690 323 1732 Si
350 1704 457 1733 vero
484 1691 607 1746 ipsas
634 1691 783 1746 pecias
817 1694 861 1733 et
897 1691 1091 1733 honores
1113 1691 1419 1739 deseruerint,
1448 1692 1509 1733 ita
1548 1694 1668 1747 quod

105 1761 327 1804 usaticum
353 1764 481 1804 tuum
509 1762 613 1804 inde
641 1762 816 1805 solvere
846 1762 1084 1809 noluerint,
1117 1766 1161 1804 et
1187 1763 1245 1804 ob
1268 1763 1350 1804 hoc
1372 1763 1494 1817 ipsas
1520 1764 1670 1818 pecias

102 1835 147 1875 et
174 1833 369 1875 honores
395 1834 452 1875 ad
475 1836 516 1875 te
538 1833 791 1882 reverteris,
817 1834 978 1876 deinde
1003 1847 1091 1875 non
1116 1834 1310 1876 tenearis
1338 1834 1468 1875 nobis
1497 1834 1541 1876 in
1573 1848 1671 1889 pre-

101 1903 232 1946 dictis
251 1903 440 1960 singulis
461 1904 658 1947 denariis
682 1904 1039 1960 uniuscujusque
1062 1905 1335 1960 quarteriate
1359 1905 1604 1947 solvendis.

163 1975 370 2017 Preterea
409 1975 620 2017 volumus
657 1979 700 2018 et
733 1976 1022 2018 concedimus
1059 1976 1138 2017 tibi
1177 1979 1221 2018 et
1267 1976 1354 2018 tuis
1395 1979 1443 2018 ut
1483 1977 1526 2018 in
1561 1978 1669 2032 ipsis

102 2046 256 2102 peciis.
286 2049 331 2088 et
358 2047 631 2096 honoribus,
663 2051 706 2089 et
735 2047 978 2094 fructibus,
1010 2050 1051 2089 et
1089 2048 1338 2089 redditibus
1374 2048 1592 2103 ipsorum,
1622 2052 1668 2090 tu

102 2121 146 2160 et
174 2117 252 2166 tui,
277 2117 542 2160 auctoritate
572 2122 719 2160 vestra
742 2119 938 2174 propria,
966 2120 1347 2174 quandocumque
1370 2123 1413 2161 ct
1434 2119 1671 2174 quociens-

100 2202 295 2244 cumque
316 2189 581 2244 expedierit,
607 2190 879 2245 compellere
903 2190 1084 2245 possitis
1105 2193 1150 2231 et
1167 2190 1464 2246 compellatis,
1491 2192 1545 2232 ad
1572 2205 1667 2233 vcs-

102 2263 220 2303 trum
251 2260 471 2303 usaticum
502 2262 870 2316 persolvendum,
902 2275 1187 2317 possessores
1214 2262 1415 2317 ipsarum
1441 2262 1667 2317 pec-iarum

100 2335 147 2374 et
185 2332 435 2380 bonorum,
466 2335 510 2375 et
551 2332 627 2388 qui
668 2346 745 2375 eos
787 2334 1032 2383 tenebunt;
1079 2336 1124 2375 et
1159 2333 1300 2375 eciam
1342 2333 1587 2388 pignoretis
1627 2337 1667 2375 el

102 2403 342 2458 pignorare
364 2403 564 2458 possitis.

160 2474 232 2521 Et,
270 2473 510 2529 sollempni
546 2475 843 2530 stipulacione
884 2475 1240 2521 interveniente,
1286 2475 1593 2531 promittimus
1627 2478 1670 2517 et

101 2544 398 2588 convenimus
420 2545 520 2593 tibi,
552 2547 671 2601 quod
698 2546 897 2601 predicta
917 2547 1072 2589 omnia
1093 2549 1135 2589 et
1157 2546 1350 2601 singula.
1383 2547 1462 2588 tibi
1483 2560 1509 2588 a
1538 2546 1668 2589 nobis

101 2616 146 2658 in
167 2616 446 2659 escambium
474 2618 728 2659 condonata
761 2621 805 2660 et
837 2618 1039 2665 remissa,
1067 2617 1284 2660 faciemus
1318 2630 1398 2659 nos
1425 2620 1469 2659 et
1496 2631 1669 2659 succes-

101 2700 226 2730 sores
252 2687 392 2729 nostri
423 2690 464 2729 te
492 2690 536 2730 et
570 2691 670 2730 tuos
711 2702 892 2743 semper
925 2689 1146 2731 habere...
1187 2691 1232 2730 et
1270 2702 1350 2743 pro
1387 2688 1662 2730 evictione...

70 2757 355 2813 'obligamus
390 2758 467 2800 tibi
503 2761 547 2801 et
581 2759 669 2801 tuis
699 2773 780 2801 nos
819 2762 864 2802 et
902 2759 1055 2802 omnia
1097 2761 1216 2801 bona
1253 2759 1443 2801 Eccl‹·sic
1470 2759 1668 2812 Magalo-

99 2829 280 2876 nensis;
311 2829 471 2871 iterata
497 2830 638 2872 eciam
667 2831 963 2886 stipulacione
1000 2831 1078 2873 tibi
1119 2830 1432 2886 promictimus
1474 2830 1665 2871 nil-esse

147 2978 197 3022 (1)
225 2977 351 3014 Cart:
378 2978 616 3023 impissnore.
