2070 3486
1052 296 1312 339 -178—

460 395 540 434 l‘ro
574 394 654 434 har
685 406 791 434 vero
818 392 1144 447 compositione
1175 392 1417 442 amicabili,
1456 404 1537 432 nos
1566 392 1728 433 damus
1756 394 1800 433 et
1824 390 1964 433 solvi-

397 478 494 505 mus
517 465 570 504 (le
595 463 789 518 presenti
814 463 956 507 vobis,
990 464 1197 517 predictis
1231 464 1469 505 tutoribus.
1500 463 1626 505 Petro
1655 461 1896 503 Guillelmo
1919 464 1965 503 et

391 536 704 579 (lanc-eranam
751 548 830 588 pro
877 534 1005 575 (lictis
1049 534 1296 576 infantibus
1339 533 1681 588 recipientibus,
1723 535 1767 574 et
1806 545 1963 574 eorum

392 606 587 648 nomine.
634 605 716 647 tria
750 605 873 646 milia
900 605 1146 646 solidorum
1177 605 1393 659 Melgorii.
1427 604 1618 645 scientes
1651 606 1695 644 et
1727 616 1964 659 recognos-

390 680 540 718 rentes
564 690 644 718 nos
665 676 813 718 adhuc
833 676 1012 725 debere,
1033 690 1112 730 per
1133 676 1247 717 hanc
1261 674 1546 717 amicabilem
1563 674 1958 729 compositionem,

393 747 716 802 prenominatis
744 747 993 789 infantibus
1020 750 1063 789 et
1090 747 1235 794 vobis,
1269 745 1596 801 prenominatis
1626 745 1851 787 tutoribus
1880 758 1962 800 pro

393 819 515 874 ipsis,
555 821 654 860 octo
694 818 817 859 milia
856 818 1104 860 solidorum
1139 818 1352 873 Nlelgorii,
1385 831 1498 872 quos
1534 816 1847 872 promittimus
1879 829 1963 859 nos

390 890 616 931 soluturos
650 889 778 931 dictis
808 889 1075 936 infantibus,
1108 893 1151 931 et
1189 890 1318 931 vobis
1349 902 1426 943 pro
1456 888 1580 943 ipsis,
1617 888 1674 929 ab
1704 888 1786 929 hoc
1813 887 1962 942 primo

391 961 585 1002 venienti
607 961 718 1003 festo
746 961 885 1003 sancti
910 961 1140 1002 Michaelis
1171 974 1313 1016 usque
1343 961 1400 1001 ad
1429 973 1571 1001 unum
1595 972 1784 1001 annum.

447 1033 492 1073 Si
535 1046 639 1074 vero
680 1033 733 1074 (le
782 1032 991 1087 predictis
1032 1035 1131 1073 octo
1174 1032 1355 1073 milibus
1397 1031 1552 1072 solidis
1594 1044 1682 1072 non
1718 1043 1962 1085 possemus

386 1104 609 1158 complere
645 1103 758 1144 ullra
796 1103 878 1145 tria
914 1103 1036 1144 milia
1072 1102 1320 1144 solidorum
1358 1105 1401 1144 et
1444 1105 1733 1144 remanerent
1769 1101 1807 1143 V
1840 1101 1962 1144 milia

387 1175 649 1221 solidorum,
675 1188 789 1229 quos
818 1175 914 1216 sine
945 1174 1144 1215 maximo
1174 1175 1373 1228 dampno
1403 1176 1556 1215 nostro
1595 1186 1683 1214 non
1716 1185 1957 1228 possemus

386 1246 575 1291 solvere,
610 1259 688 1300 per
709 1246 823 1287 hanc
844 1237 1219 1300 compositionem
1245 1245 1493 1300 poterimus
1515 1244 1615 1286 illos
1643 1244 1682 1286 V
1709 1244 1834 1286 milia
1855 1243 1960 1286 soli-

385 1318 545 1358 dorum
586 1330 664 1371 per
702 1330 844 1357 unum
880 1330 1051 1358 annum
1082 1316 1150 1357 vel
1182 1330 1258 1371 per
1295 1317 1409 1357 duos
1444 1316 1663 1362 retinere;
1707 1315 1771 1357 ita
1806 1318 1957 1357 tamen

385 1389 522 1443 quod,
553 1389 607 1429 ‹jle
635 1388 834 1443 dampno
862 1391 905 1429 et
937 1388 1201 1442 gravamine
1233 1389 1354 1443 quod
1392 1387 1495 1429 inde
1534 1387 1811 1429 sustinerent
1852 1386 1958 1429 dicti

386 1458 594 1503 infantes,
620 1459 841 1500 stabimus
861 1458 1102 1512 cognitioni
1120 1462 1163 1499 et
1183 1458 1404 1500 voluntati
1425 1458 1654 1500 Guillelmi
1675 1458 1730 1500 de
1745 1457 1953 1506 Conchis,

384 1534 427 1571 vt
466 1530 650 1584 predicti
684 1530 902 1571 Johannis
936 1530 1156 1574 Bocados.
1193 1529 1259 1570 vel
1295 1529 1480 1571 alterius
1520 1542 1704 1572 eorum.
1745 1528 1781 1570 si
1821 1528 1958 1570 ambo

385 1604 616 1656 presentes
640 1614 728 1642 non
762 1604 941 1648 essentq
973 1604 1037 1649 et,
1070 1614 1148 1655 per
1180 1601 1384 1656 ipsorum
1412 1600 1649 1642 arbitrium
1679 1602 1724 1641 et
1753 1599 1958 1642 volunta—

387 1676 490 1721 tem,
527 1675 671 1713 totum
705 1673 983 1727 dampnum,
1019 1674 1155 1726 quod,
1200 1686 1256 1713 ex
1296 1685 1420 1714 mora
1455 1671 1692 1713 solutionis
1732 1672 1955 1713 dictorum

387 1744 422 1783 V
450 1743 625 1785 milium
663 1743 932 1794 solidorum,
964 1743 1069 1785 dicti
1103 1743 1298 1785 infantes
1335 1744 1633 1790 sustinerent,
1680 1743 1775 1785 sine
1804 1743 1957 1798 aliqua

383 1814 673 1856 excusatione
703 1812 776 1871 [etl
801 1815 1063 1869 exceptione
1093 1814 1291 1869 plenarie
1314 1814 1424 1870 ipsis
1452 1814 1717 1862 infantibus,
1755 1817 1799 1856 et
1826 1814 1956 1856 vobis

386 1899 466 1940 pro
490 1885 614 1940 ipsis,
637 1885 944 1927 restituemus.

443 1957 764 1998 Verumtamen
799 1957 856 1998 ad
883 1956 1135 2011 predictum
1166 1956 1412 1998 terminum
1449 1957 1592 1998 sancti
1626 1956 1873 2008 Michaelis,
1907 1959 1957 1998 ut

379 2028 548 2069 dictum
577 2032 659 2076 est,
692 2027 838 2069 modis
871 2028 1083 2070 omnibus
1113 2028 1197 2069 tria
1227 2027 1352 2069 milia
1380 2027 1630 2070 solidorum
1664 2028 1719 2070 de
1741 2027 1954 2083 predictis

379 2102 477 2140 octo
506 2098 688 2140 milibus
716 2098 963 2140 solidorum
992 2099 1167 2141 solvere
1188 2101 1411 2147 tenemur,
1437 2098 1483 2140 in
1512 2102 1686 2141 tantum
1717 2099 1838 2154 quod
1863 2097 1953 2140 ullo

380 2172 514 2212 modo
543 2170 792 2225 poterimus
821 2169 1010 2212 retinere
1032 2184 1085 2212 ex
1110 2170 1219 2225 ipsis
1239 2173 1338 2212 octo
1360 2170 1544 2212 milibus
1568 2170 1833 2218 solidorum,
1866 2170 1954 2212 nisi

381 2242 696 2283 tantummodo
726 2242 762 2281 V
804 2241 928 2283 milia
973 2242 1222 2284 solidorum
1263 2255 1343 2297 per
1378 2255 1519 2283 unum
1547 2255 1737 2290 annum,
1775 2241 1847 2284 vel
1873 2255 1955 2297 per

381 2313 511 2364 duos,
538 2316 587 2354 ut
615 2326 753 2367 supra
772 2312 942 2354 dictum
965 2315 1047 2355 est.
1528 2302 1531 2305 ’

439 2384 531 2434 Que
562 2383 717 2425 omnia
748 2398 829 2439 ego
858 2384 1016 2426 Petrus
1049 2384 1318 2426 Guillelmus
1354 2386 1408 2427 de
1448 2385 1612 2426 Sancto
1648 2383 1871 2432 Firmin0‚
1908 2386 1953 2426 et

378 2469 459 2509 ego
480 2455 817 2507 Gaucerandus,
849 2455 986 2497 frater
1012 2455 1125 2510 ejus,
1159 2469 1237 2511 per
1265 2469 1346 2497 nos
1375 2459 1418 2498 et
1445 2469 1524 2511 per
1549 2456 1662 2498 alios
1689 2457 1951 2498 contutores

379 2529 569 2574 nostros,
592 2529 636 2568 et
662 2540 741 2581 pro
763 2526 873 2582 ipsis
895 2526 1143 2569 infantibus
1165 2527 1420 2575 laudamus
1446 2530 1490 2569 et
1511 2540 1618 2569 vera
1640 2540 1739 2570 esse
1761 2539 1951 2582 cognos-

376 2597 534 2642 cimus,
566 2600 610 2639 et
636 2611 718 2639 nos
745 2600 901 2639 contra
931 2610 1020 2639 non
1042 2600 1258 2639 venturos
1285 2598 1438 2653 aliquo
1468 2598 1566 2653 jure
1595 2597 1668 2640 vel
1695 2597 1938 2639 ratione...

375 2682 455 2724 per
476 2668 588 2710 fides
617 2672 792 2711 nostras
818 2669 1150 2723 promittimus3
1182 2670 1374 2711 scientes
1394 2673 1439 2711 et
1465 2671 1838 2724 recognoscentes
1865 2681 1948 2711 nos

379 2740 598 2795 recepisse
619 2743 663 2782 et
684 2740 913 2789 habuisse,
940 2740 1121 2782 nomine
1143 2740 1366 2783 dictorum
1393 2740 1636 2788 infantum,
1662 2739 1948 2795 supradictos

381 2811 465 2853 tria
492 2811 617 2853 milia
650 2811 817 2853 solidos
845 2811 1062 2867 Melgorii‚
1102 2811 1145 2852 iu
1177 2812 1342 2867 quibus
1370 2804 1638 2868 expressim,
1674 2814 1719 2854 et
1744 2824 1803 2853 ex
1828 2813 1950 2853 certa

379 2883 579 2929 scientia,
606 2882 925 2925 renunciamus
953 2883 1208 2938 exceptioni
1231 2897 1321 2925 non
1348 2885 1583 2926 numerate
1610 2886 1655 2925 et
1681 2896 1773 2924 non
1801 2881 1948 2924 solute

383 2967 611 3010 peccunie.
