2070 3486
792 325 849 330 —
882 299 966 341 265
1002 324 1053 329 —

144 395 238 442 fiet,
277 398 320 437 et
353 409 404 437 ea
433 394 644 450 preterita
677 397 719 436 et
751 394 913 435 soluta.
953 395 1137 448 prolatis
1171 394 1241 435 vel
1278 394 1471 435 recitatis
1505 395 1562 435 ab
1599 392 1708 448 ipsis

144 466 324 508 arbitris
346 465 665 507 nichilominus
688 465 730 506 in
754 478 835 505 suo
861 466 1018 506 robore
1046 465 1289 506 duraturis,

204 538 392 592 Insuper
418 537 563 578 dictus
590 536 731 577 abbas
760 536 1046 583 Anianensis,
1083 537 1166 577 sub
1194 536 1311 577 dieta
1332 549 1463 590 pena.
1504 535 1709 590 promisit

143 609 264 664 quod
301 622 470 663 eaque
511 607 616 649 dicti
649 607 805 649 arbitri
848 607 1231 661 promintiabunt.
1276 607 1568 648 incontinenti
1607 610 1706 661 post

141 680 572 736 pronuntiationem,
604 681 647 720 et
675 692 754 733 pro
791 682 882 720 toto
909 692 1038 733 posse
1070 692 1167 720 suo.
1203 678 1332 720 faciet
1357 678 1526 720 laudari
1560 692 1585 719 a
1614 681 1706 720 toto

140 753 367 794 conventu
394 750 669 796 Anianensi3
711 753 753 796 et
793 763 871 804 pro
901 749 986 790 biis
1014 749 1226 790 ‹nnnibus
1262 749 1543 804 osuiiplenuis
1572 749 1706 790 etiam

142 821 349 878 promisit
375 821 520 862 dictus
559 820 771 862 dominus
811 821 953 862 abbas
997 834 1059 864 se.
1101 820 1215 861 infra
1245 834 1384 861 unum
1415 834 1615 861 mensem
1651 821 1708 861 ab

141 894 225 935 hae
259 892 453 948 presenti
491 892 561 934 die
596 893 977 947 computandum,
1014 892 1056 932 in
1087 891 1350 947 episcopatu
1382 892 1703 946 Magnana—nsi,

142 978 222 1020 pro
250 964 368 1006 dicta
399 963 564 1005 scilicet
593 976 724 1018 pena.
758 963 1094 1017 assignaturum
1125 963 1242 1004 dicto
1272 963 1456 1004 domino
1496 963 1707 1017 episcopo

142 1035 327 1091 pignora
352 1048 499 1078 rerum
523 1034 848 1077 immobilium.
885 1034 1077 1076 valentia
1105 1035 1194 1075 dno
1219 1034 1341 1075 inilia
1363 1034 1624 1075 solidorum.

201 1178 326 1220 Unde
348 1178 411 1232 (¹1)
440 1177 677 1220 memorati
707 1177 887 1224 arbitri,
918 1178 1025 1219 data
1060 1179 1103 1219 et
1132 1190 1345 1218 concessa
1373 1176 1454 1217 sibi
1487 1179 1707 1231 potestate

139 1250 197 1292 ab
223 1252 414 1305 utraque
443 1252 584 1304 parte,
618 1252 680 1292 ut.
712 1251 814 1304 post
839 1248 1057 1304 judicium
1080 1249 1151 1290 vel
1183 1248 1419 1290 arbitrium
1452 1248 1702 1293 recitatum,

139 1323 340 1377 possent.
370 1334 451 1376 pro
482 1321 712 1363 voluntate
742 1334 844 1364 sua.
875 1321 1039 1362 addere
1072 1320 1142 1361 vel
1171 1320 1406 1362 detrahere
1441 1319 1607 1374 jndicio
1636 1320 1705 1360 vel

139 1392 366 1434 sentencie
391 1392 488 1448 jure
528 1392 732 1439 recitate,
771 1395 1025 1434 statuerunt
1051 1391 1348 1433 amicabiliter
1373 1394 1415 1432 et
1444 1391 1708 1446 pronuntia-

140 1466 304 1506 verunt
330 1464 448 1518 quod
472 1464 684 1505 dominus
707 1465 848 1505 abbas
877 1463 1163 1511 Anianensis,
1195 1466 1234 1504 et
1266 1463 1456 1518 quilibet
1484 1462 1579 1517 ejus
1612 1477 1709 1503 suc—

140 1548 314 1583 cessor,
346 1535 485 1577 semel
514 1535 557 1576 in
584 1548 704 1576 anno
732 1535 886 1576 venire
922 1538 1127 1576 teneatur
1156 1536 1210 1576 ad
1252 1534 1478 1590 synodum
1513 1533 1708 1588 Magalo-

143 1620 347 1650 nensem.
379 1607 515 1649 etiam
544 1607 639 1649 sine
666 1606 891 1648 citatione.
929 1606 1010 1647 nisi
1039 1606 1159 1661 justa
1187 1607 1241 1647 de
1264 1619 1400 1647 causa
1428 1618 1474 1647 se
1497 1607 1705 1647 excita-t:

142 1681 186 1720 et
212 1679 333 1733 quod
363 1678 575 1719 dominus
606 1678 846 1733 episcopus
875 1677 1222 1731 Magalonensis.
1248 1677 1314 1718 vel
1340 1677 1436 1732 ejus
1459 1690 1704 1723 successor,

142 1763 230 1791 non
258 1749 403 1805 possit
428 1749 598 1791 dictum
629 1751 858 1798 abbatem,
899 1749 968 1791 vel
998 1749 1094 1804 ejus
1123 1762 1421 1795 successores,
1456 1762 1615 1790 vocare
1640 1748 1707 1788 vel

141 1820 409 1876 compellere
440 1821 593 1863 venire
627 1822 683 1863 ad
719 1822 944 1878 synodum
976 1820 1343 1874 Magalonensem
1381 1819 1464 1860 nisi
1499 1819 1637 1861 semel
1664 1819 1707 1859 in

140 1906 289 1940 anuo;
321 1896 365 1934 et
385 1894 506 1948 quod
535 1893 719 1948 predicti
749 1893 960 1935 dominus
989 1892 1228 1948 episeopus
1257 1895 1301 1933 et
1327 1891 1540 1933 dominus
1567 1891 1708 1933 abbas

141 1965 225 2006 hoc
253 1964 439 2007 laudent
467 1964 758 2006 incontinenti
781 1980 788 2007 2
821 1968 863 2006 et
893 1966 1012 2020 quod
1043 1963 1233 2019 quilibet
1255 1976 1410 2005 eorum
1433 1964 1489 2005 ad
1511 1976 1708 2003 commo-

143 2035 360 2078 nitionem
382 2035 567 2078 alterius
588 2038 793 2077 teneatur
814 2036 857 2077 in
877 2037 1195 2080 instrun‘iento.
1216 2035 1332 2076 facto
1352 2048 1488 2089 super
1508 2034 1707 2089 predicto

139 2107 306 2162 judicio
347 2110 391 2149 et
430 2108 513 2149 hac
545 2107 897 2163 compositione.
942 2107 1089 2162 sigilla
1132 2120 1213 2148 sua
1254 2120 1455 2161 ponere;
1498 2108 1541 2148 et
1587 2107 1706 2160 quod

140 2178 352 2220 dominus
372 2179 530 2222 abbas.
564 2192 644 2234 pro
676 2192 805 2234 posse
835 2193 932 2223 suo,
964 2179 1049 2220 hoe
1078 2178 1207 2220 faciat
1237 2177 1409 2219 laudari
1431 2191 1457 2218 a
1483 2180 1709 2219 conventu

141 2249 409 2297 Anianensi,
441 2254 484 2292 et
505 2250 702 2303 sigillum
723 2250 789 2291 sui
820 2254 1092 2296 conventus,
1128 2250 1163 2291 si
1192 2250 1313 2304 quod
1339 2249 1490 2291 habet.
1517 2248 1705 2303 apponi:

140 2321 306 2376 quibus
332 2321 527 2363 laudatis
549 2324 593 2363 et
624 2321 816 2376 peractis
837 2336 861 2363 a
893 2321 1010 2363 dicto
1046 2323 1269 2363 conventu
1309 2320 1454 2362 dictus
1483 2320 1624 2361 abbas
1653 2319 1709 2361 sit

139 2391 252 2434 liber
272 2395 316 2434 et
335 2393 572 2434 absolutus
596 2406 622 2434 a
644 2406 758 2447 pena
782 2394 811 2434 L
835 2393 1049 2435 librarum
1075 2392 1346 2446 supradicta.
1379 2391 1706 2433 Nicbilcnninus

141 2467 293 2506 tamen
320 2464 416 2519 ipse
443 2465 585 2506 abbas
625 2468 668 2506 et
705 2465 801 2519 ejus
839 2478 1120 2506 successores
1150 2466 1409 2509 teneantur,
1456 2465 1500 2503 ut
1537 2462 1705 2503 (lictum

140 2538 223 2578 est.
252 2536 367 2578 hanc
393 2536 768 2591 compositionem
810 2550 1012 2583 servare,
1052 2539 1095 2577 et
1129 2534 1266 2577 semel
1309 2535 1352 2575 in
1393 2547 1528 2579 anno,
1571 2533 1705 2574 etiam

141 2607 236 2648 sine
257 2607 482 2649 citatione.
508 2608 563 2648 ad
584 2608 809 2663 synodum
831 2607 1197 2661 Magalonensem
1222 2605 1373 2647 venire
1396 2608 1439 2646 et
1462 2605 1677 2646 interesse
1696 2620 1702 2645 :

140 2681 185 2720 et
204 2679 325 2733 quod
346 2692 493 2720 annus
523 2678 705 2733 incipiat
732 2678 982 2733 computari
1007 2692 1032 2720 a
1056 2678 1199 2732 prima
1228 2678 1416 2733 synodo,
1443 2690 1530 2731 que
1558 2676 1637 2716 liet
1664 2678 1707 2716 et

137 2749 438 2791 celebrabitur
467 2749 613 2804 primo
643 2753 743 2804 post
771 2749 1030 2804 proximum
1058 2749 1249 2793 l'ascl1a;
1274 2749 1327 2789 ad
1352 2761 1486 2801 quani
1513 2746 1704 2801 primam

138 2822 366 2876 synodum
400 2821 545 2862 dictus
572 2821 714 2862 abbas
742 2820 876 2862 etiam
907 2820 1002 2862 sine
1031 2819 1241 2861 citatione
1272 2818 1421 2859 veniat
1446 2821 1489 2859 et
1512 2817 1701 2858 intersit.

185 2975 232 3021 (1)
260 2974 519 3022 Explication
539 2979 580 3011 et
599 2974 949 3021 de‘eveloppement
970 2972 1018 3009 de
1042 2974 1080 3009 la
1103 2976 1298 3008 sentence
