2070 3486
1035 333 1087 338 -
1122 306 1208 350 186
1243 334 1294 338 -

381 405 690 447 institutionis.
730 403 1001 458 quingentos
1029 403 1197 445 solidos
1231 402 1552 457 melgorienses
1575 416 1582 447 ;
1608 404 1652 443 et
1680 401 1815 456 jubeo
1842 415 1943 443 eum

382 490 479 518 esse
502 475 767 518 canonicum
792 474 1177 527 Magalonensem.

444 547 493 588 Et
520 547 617 599 lego
639 545 879 587 Guillelmo
910 545 1040 589 Petri,
1075 545 1165 587 tilio
1196 559 1312 589 meo,
1352 544 1532 585 nomine
1567 546 1609 585 et
1641 543 1737 598 jure
1769 543 1947 585 institu-

385 617 531 659 tionis.
563 617 837 671 quingentos
866 616 1033 657 solidos
1062 616 1410 668 melgoriensesz
1443 617 1485 656 et
1513 615 1648 669 jubeo
1676 614 1825 668 ipsum
1848 627 1947 656 esse

384 689 654 730 monachum
680 687 747 730 vel
771 687 1053 729 canonicum.

443 761 492 801 Et
513 760 611 813 lego
641 759 852 805 Aiceline,
879 758 969 800 filie
987 772 1100 805 mee,
1123 759 1395 814 quingentos
1415 757 1583 799 solidos
1607 757 1942 812 melgorienses,

382 831 562 872 nomine
592 833 635 871 et
660 830 757 886 jure
787 829 1077 877 lie1·edilatis;
1109 833 1151 871 rt
1180 843 1276 870 vam
1304 828 1500 883 precipio
1528 841 1627 870 esse
1658 828 1943 870 monacham.

442 902 646 943 l'reterea
683 901 783 943 volo
811 904 852 941 el
890 901 1085 955 precipio
1118 901 1236 955 quod
1273 900 1391 941 <licta
1431 899 1630 953 Aiglina,
1672 912 1788 941 uxor
1828 912 1942 945 mea,

380 972 626 1016 satisfaciat
658 976 702 1014 et
735 973 964 1027 persolvat
1000 973 1055 1013 ‹le
1086 971 1352 1015 redditibus,
1394 970 1610 1012 l'ruclibus
1653 973 1697 1012 et
1735 970 1948 1013 omnibus

383 1044 492 1086 meis
522 1043 817 1098 proventibus
848 1043 951 1085 ville
984 1043 1201 1097 Agantiri.
1244 1042 1499 1097 supradicte
1532 1042 1822 1096 Montpaone,
1857 1041 1948 1084 filie

381 1129 493 1160 mee,
520 1115 846 1170 quinquaginta
873 1115 1079 1156 marchas
1101 1114 1272 1168 argenti
1297 1129 1303 1155 ;
1336 1116 1377 1155 et
1403 1114 1629 1155 Bernardo
1650 1112 1944 1167 R[aimundi]‚

380 1187 415 1228 D
436 1186 604 1228 solidos
635 1185 883 1240 predictos;
924 1188 967 1226 et
993 1184 1234 1226 Guillelmo
1273 1184 1409 1225 l’etri.
1442 1184 1477 1225 D
1515 1183 1716 1231 solidos;
1756 1186 1801 1226 et
1823 1182 1949 1226 Aice-

381 1257 468 1299 line
496 1257 558 1310 (1)
586 1258 620 1298 D
644 1257 812 1298 solidos
836 1270 843 1303 ;
870 1260 910 1298 et
941 1255 1181 1298 Guillelmo
1202 1257 1256 1297 de
1281 1255 1496 1310 popiano.
1523 1255 1558 1296 D
1581 1255 1765 1303 solidos,
1791 1267 1948 1297 secun—

332 1327 333 1331 ’
380 1329 489 1370 dum
511 1329 631 1382 quod
658 1327 866 1383 superius
885 1327 1154 1369 continetur.

438 1399 491 1441 Et
518 1400 636 1441 dono
665 1401 709 1440 et
736 1399 835 1453 lego
858 1398 1019 1440 Poncio
1043 1399 1173 1445 Petri,
1202 1398 1295 1439 filio
1320 1411 1435 1443 meo,
1461 1397 1645 1439 nomine
1673 1400 1717 1440 et
1734 1397 1832 1454 jure
1860 1397 1949 1440 ins-

380 1470 619 1521 titutionis,
645 1470 797 1511 omnia
823 1469 923 1524 jura
946 1483 1032 1524 que
1062 1470 1206 1511 habeo
1234 1472 1277 1511 et
1296 1469 1461 1511 babere
1483 1470 1626 1511 debeo
1647 1469 1693 1510 in
1720 1472 1865 1511 castro
1893 1469 1948 1511 de

380 1541 564 1583 Giniaco
590 1544 635 1583 et
666 1541 710 1582 in
746 1541 949 1595 ejusdem
978 1540 1268 1595 pertinenciis
1292 1556 1298 1582 z
1336 1543 1380 1582 et
1400 1540 1550 1582 onmia
1572 1540 1673 1595 jura
1693 1554 1781 1596 que
1802 1540 1948 1583 habeo

379 1616 423 1654 et
449 1613 615 1654 habere
643 1613 786 1654 debeo
815 1612 859 1652 in
882 1615 1028 1653 castro
1056 1613 1110 1654 de
1143 1611 1340 1666 popiano
1369 1615 1413 1653 et
1440 1611 1483 1652 in
1506 1611 1600 1652 suis
1630 1610 1912 1666 pertinentiis
1937 1626 1944 1659 ;

381 1687 423 1726 et
443 1683 713 1738 generaliter
740 1683 941 1737 quelibet
968 1683 1121 1724 omnia
1145 1683 1243 1737 jura
1271 1696 1358 1737 que
1386 1683 1531 1724 habeo
1553 1686 1597 1724 et
1617 1683 1784 1725 habere
1804 1682 1948 1725 debeo

381 1755 434 1796 de
463 1755 524 1796 les
551 1769 675 1795 rossa
707 1754 856 1796 Sancti
886 1754 1111 1797 Guillelmi
1138 1755 1194 1796 ad
1227 1769 1277 1795 en
1301 1753 1433 1800 aaa&
1465 1758 1509 1795 et
1536 1754 1638 1795 volo
1665 1767 1717 1796 ae
1752 1753 1949 1809 precipio

381 1827 502 1882 quod
542 1826 659 1868 dieta
698 1825 898 1880 Aiglina.
944 1839 1060 1867 uxor
1097 1839 1223 1868 mea.
1274 1826 1439 1867 habeat
1472 1826 1551 1880 [et]
1585 1827 1738 1867 teneat
1782 1824 1946 1867 dictam

384 1897 677 1939 hereditatem
695 1896 999 1951 supradictam
1025 1896 1175 1938 Poneii
1199 1896 1331 1943 Petri,
1359 1896 1439 1937 filii
1464 1896 1573 1943 mei,
1607 1896 1780 1938 tamdiu
1806 1897 1950 1939 donec

381 1970 435 2011 de
465 1968 731 2015 redditibus,
770 1967 990 2010 fructibus
1022 1970 1067 2009 et
1106 1968 1319 2009 omnibus
1356 1967 1653 2022 proventibus
1685 1967 1802 2010 dicte
1822 1968 1950 2010 here-

380 2040 533 2082 ditatis
564 2039 834 2095 supradicte,
861 2040 891 2081 L
914 2040 1095 2081 march'e
1117 2039 1231 2081 dicte
1254 2040 1509 2094 Monpaone
1541 2039 1634 2081 filie
1656 2052 1756 2081 mee
1776 2039 1949 2094 integre

381 2111 606 2154 satisfiant
643 2114 688 2153 et
721 2111 1065 2166 persolvantur.
1102 2113 1145 2153 et
1178 2111 1383 2153 debitum
1410 2110 1625 2153 Bernardi
1664 2111 1719 2153 de
1746 2110 1950 2153 Andusia

381 2182 587 2237 draperii.

442 2254 517 2295 Set
545 2254 579 2295 si
610 2268 707 2308 ego.
739 2254 780 2295 in
811 2253 930 2295 dicta
952 2253 1213 2296 hereditate.
1245 2253 1416 2308 aliquid
1445 2253 1610 2308 injuste
1638 2253 1848 2295 tenebam
1877 2253 1946 2295 vel

383 2325 686 2380 possidebam,
722 2326 857 2380 jubeo
891 2328 935 2365 et
970 2326 1166 2366 concedo
1206 2325 1324 2379 quod
1368 2325 1468 2379 ipsa
1498 2324 1725 2379 sepedicta
1751 2323 1944 2380 Aiglina2

382 2410 497 2437 uxor
524 2409 639 2446 mea,
666 2396 831 2437 habeat
866 2396 1045 2450 plenam
1083 2398 1126 2437 et
1154 2395 1342 2437 liberam
1374 2398 1645 2450 potestatem
1675 2394 1795 2437 illius
1822 2395 1949 2437 resti-

382 2467 557 2509 tuendi.

443 2538 694 2580 Raimundo
728 2538 864 2586 l'etri,
906 2538 997 2579 filio
1040 2552 1154 2580 meo.
1190 2538 1372 2579 nomine
1412 2541 1456 2580 et
1493 2538 1590 2593 jure
1632 2537 1944 2587 institutionis,

383 2609 585 2664 relinquo
614 2611 813 2650 castrum
842 2622 993 2650 meum
1025 2610 1079 2650 (le.
1101 2609 1332 2651 Breissaco
1355 2622 1457 2650 cnm
1480 2609 1694 2651 omnibus
1722 2608 1946 2664 pertinen-

381 2680 458 2722 ciis
483 2680 590 2728 suis.v
623 2683 667 2721 et
687 2680 841 2722 omnia
866 2680 963 2735 jul-n
986 2694 1271 2735 quecumque
1295 2681 1397 2722 sinl,
1424 2695 1511 2736 que
1539 2681 1684 2722 habeo
1717 2684 1761 2723 et
1782 2681 1948 2722 habere

380 2752 522 2793 debeo
551 2767 576 2792 a
607 2750 668 2793 les
690 2766 815 2792 cossa
846 2752 994 2793 Sancti
1021 2752 1248 2793 Guillelmi
1283 2766 1425 2806 usque
1459 2752 1502 2793 in
1527 2751 1814 2807 pertinenciis
1843 2751 1947 2793 ville

383 2823 601 2876 Agantici.
635 2826 678 2865 et
699 2836 842 2877 usque
869 2824 922 2864 nd
948 2823 1472 2878 Montempessulanum:
1505 2826 1549 2866 et
1569 2823 1722 2866 omnia
1740 2823 1840 2880 jura
1860 2837 1947 2879 quc

432 2980 479 3022 gl*
511 2980 636 3014 Cart:
663 2979 835 3023 Aigllltw.

2060 1524 2070 1835 ψ-ᾃῌ--ψ
2060 1446 2070 1516 -a—
2063 1411 2070 1435 -ι
2067 1399 2070 1403 .
