2070 3486
823 313 874 317 -—
909 286 989 328 «371
1029 311 1081 316 —

227 380 415 434 Insuper
431 380 637 435 promisit
655 381 771 423 (licta
789 381 1074 436 priorissam)
1099 381 1296 436 predicto
1316 381 1500 422 domino
1518 380 1729 435 episcopo

169 450 428 506 stipulanti.
466 452 550 491 sul)
579 465 693 506 pena
724 452 940 507 predicta.
977 453 1095 507 quod
1127 452 1221 507 ipsa
1251 451 1379 493 faciet
1407 455 1449 493 et
1477 452 1732 506 procurabit

170 521 286 564 infra
307 521 564 576 quindecim
586 522 696 567 dies,
724 526 962 578 postquam
992 523 1160 564 monita
1189 522 1323 564 suerit
1352 536 1429 577 per
1454 522 1623 563 dictum
1652 523 1729 564 do-

171 593 342 635 minum
365 592 626 648 episcopum
649 595 769 648 quod
791 594 958 635 dictum
981 594 1357 648 compromissum
1381 597 1423 635 et
1444 606 1728 648 quecumque

167 663 310 711 dicta,
337 666 528 706 statuta.
556 664 757 708 recitata.
784 665 1004 708 ordinata.
1037 679 1114 706 seu
1139 664 1431 719 pronunciata
1460 664 1623 706 fuerint
1651 678 1729 719 per

166 735 309 777 dictos
329 734 538 777 arbitros.
557 735 862 778 arbitratores.
884 735 1144 777 amicabiles
1166 735 1489 790 compositores
1512 735 1581 775 vel
1609 749 1729 777 com-

167 819 328 848 munes
355 805 539 852 amicos,
576 805 643 847 vel
675 820 753 860 per
779 806 890 847 alios
920 806 1012 848 vice
1041 806 1258 861 ipsorum,
1292 806 1414 848 sicud
1445 806 1488 847 in
1525 819 1729 861 compro-

169 877 308 919 misso
328 876 596 921 continetur,
633 878 955 932 approbentur,
975 876 1250 919 ratificentur
1287 890 1389 918 cum
1428 877 1728 919 instrumento

166 947 355 1004 publico-
375 961 402 990 a
434 951 659 989 conventu
692 951 735 989 et.
768 962 793 989 a
824 948 1012 1003 singulis
1045 949 1099 990 de
1127 951 1351 990 conventu
1381 948 1640 990 monasterii
1674 949 1729 990 de

167 1018 390 1061 Vinovolo
418 1018 678 1073 supradicti.

226 1091 336 1132 Acta
375 1089 557 1131 fuerunt
585 1090 665 1131 hec
702 1092 821 1145 apud
856 1090 1368 1145 Montempessulanum,
1404 1090 1445 1131 in
1485 1089 1586 1131 aula
1624 1089 1726 1131 dicti

164 1161 334 1204 domini
371 1161 596 1216 episcopi.
646 1175 764 1203 anno
808 1161 1037 1203 Dominice
1075 1161 1394 1203 lncarnationis
1435 1161 1572 1202 MOIIc
1599 1161 1729 1216 quin-

163 1232 449 1288 quagesimo,
482 1232 645 1274 scilicet
686 1236 846 1288 quarto
880 1233 980 1274 idus
1022 1232 1304 1282 novembris,
1349 1232 1389 1272 in
1427 1232 1658 1287 presencia
1684 1235 1728 1273 et

165 1303 422 1346 testimonio
457 1304 675 1345 Johannis
704 1303 884 1345 Blanclii
915 1303 1096 1345 rectoris
1125 1302 1308 1345 ecclesie
1350 1303 1498 1344 Sancti
1529 1303 1722 1358 Georgii.

163 1375 280 1417 Petri
309 1374 509 1417 Rotberti
530 1375 691 1417 cleriei.
724 1375 937 1416 Bernardi
969 1374 1099 1417 Petri.
1128 1374 1340 1416 Bernardi
1370 1374 1538 1417 Lobeti.
1570 1377 1613 1415 et
1641 1374 1726 1414 mei

161 1445 380 1488 Johannis
402 1446 620 1493 Brunenc,
642 1445 803 1500 publici
828 1445 931 1487 dicti
961 1444 1129 1487 domini
1153 1444 1350 1499 episcopi
1376 1444 1417 1485 in
1441 1457 1522 1486 sua
1542 1444 1724 1500 dyocesi

162 1519 207 1560 et
232 1516 448 1559 comitatu
474 1516 676 1572 Melgorii
703 1520 745 1558 et
769 1516 1130 1558 Montisl'errandi
1155 1515 1338 1561 notarii,
1364 1516 1455 1571 qui,
1488 1516 1728 1557 mandatus

164 1602 192 1630 a
212 1587 432 1643 partibus,
463 1588 544 1630 hec
573 1587 745 1643 scripsi.

218 1733 324 1775 Post
349 1732 431 1774 hec
451 1745 558 1774 vero
586 1745 705 1773 anno
734 1734 777 1773 et
804 1731 873 1773 die
905 1731 1128 1786 predictis.
1160 1730 1325 1772 auditis
1353 1733 1395 1772 et
1426 1730 1659 1771 intellectis
1683 1733 1723 1771 el

158 1817 260 1846 curn
296 1803 533 1858 diligencia
569 1803 784 1845 discussis
823 1802 1072 1844 rationibus
1100 1802 1320 1843 dictarum
1350 1801 1566 1856 parcium,
1600 1800 1726 1842 habi-

159 1877 294 1930 toque
329 1887 432 1916 cum
473 1873 582 1929 ipsis
617 1873 804 1915 concilio
834 1876 877 1915 et
905 1876 1117 1919 tractatu,
1150 1872 1335 1928 predicti
1373 1872 1582 1913 arbitri...
1614 1872 1726 1913 ami-

157 1945 287 1988 cabili
309 1945 636 2001 compositione
665 1945 886 2000 predictas
908 1944 1183 1999 questiones,
1215 1944 1453 1999 petitiones
1475 1946 1518 1985 et
1540 1945 1726 1985 ‹leman-

158 2018 372 2058 damenta
400 2015 615 2058 finierunt
635 2019 678 2058 et
700 2016 1056 2058 terminaverunt
1084 2015 1128 2056 in
1158 2016 1275 2057 hunc
1298 2016 1483 2056 modum
1507 2030 1514 2055 ς

217 2087 434 2130 Videlicet
475 2088 596 2143 quod
645 2087 814 2129 dictum
856 2087 1057 2129 vinetum
1101 2100 1179 2129 seu
1217 2088 1554 2134 tenementum,
1599 2085 1720 2127 sicud

159 2158 367 2214 superius
383 2161 452 2201 est
469 2158 775 2201 terminatum.
792 2172 893 2200 cum
910 2158 1122 2199 omnibus
1145 2158 1237 2199 suis
1259 2156 1554 2213 pertinentiis.
1574 2157 1725 2197 omnia

158 2232 202 2272 et
238 2229 429 2284 singula.
471 2244 558 2285 que
594 2229 708 2271 inl'ra
741 2229 883 2271 dictos
925 2229 1125 2271 confines
1153 2229 1463 2273 continentur,
1502 2227 1596 2269 sive
1637 2227 1725 2268 sint

157 2301 277 2343 culta
306 2301 374 2342 vel
411 2300 593 2343 inculta.
628 2314 813 2342 nemora
849 2300 916 2341 vel
955 2314 1136 2355 pascua,
1167 2303 1211 2341 et
1248 2299 1449 2355 ejusdem
1482 2298 1617 2340 vineti
1646 2313 1725 2339 seu

161 2372 405 2414 tenementi
433 2374 477 2414 et
503 2372 705 2413 omnium
742 2372 1042 2427 predictorum
1079 2371 1457 2415 dominationem.
1492 2370 1719 2412 laudimia.

160 2443 362 2490 concilia,
389 2443 574 2488 usatica.
601 2456 764 2485 Census
785 2446 829 2485 et
865 2443 1067 2490 servicia,
1105 2443 1310 2497 explecta
1339 2445 1381 2483 et
1410 2443 1572 2486 banna,
1597 2441 1723 2496 justi-

159 2514 264 2562 cias,
308 2514 580 2561 fii-mancias,
625 2514 942 2557 satisdationes
980 2517 1024 2556 et
1062 2513 1215 2555 omnia
1247 2513 1335 2555 alia
1370 2512 1619 2567 corporalia
1657 2511 1721 2552 vel

159 2585 471 2641 incorporalia,
503 2586 614 2630 scita
642 2586 709 2628 vel
743 2600 828 2627 non
859 2586 983 2628 scita.
1018 2585 1149 2627 tacita
1172 2585 1239 2626 vel
1263 2597 1493 2640 expressa,
1526 2583 1615 2625 sint
1634 2583 1724 2637 ple-

158 2657 281 2699 niore
315 2657 413 2713 jure
446 2657 561 2699 dicte
592 2657 802 2712 priorisse
839 2660 883 2699 et
923 2657 1182 2699 monasterii
1221 2655 1488 2711 supradicti;
1530 2658 1573 2696 ct
1602 2655 1722 2709 qnod

156 2728 274 2770 dicta
301 2728 516 2784 priorissa
546 2731 589 2770 et
623 2728 791 2770 dictum
828 2728 1151 2770 monasterium
1187 2741 1238 2769 ac
1266 2727 1350 2768 alie
1386 2726 1610 2781 priorisse,
1637 2739 1722 2779 qne

156 2812 235 2855 pro
265 2802 465 2855 tempore
493 2803 625 2841 erunt
653 2799 695 2841 in
723 2800 841 2841 dicto
871 2799 1160 2845 monasterio,
1202 2799 1417 2840 habeant.
1463 2799 1641 2838 teneant
1678 2799 1717 2837 el

201 2953 252 2999 (l)
280 2953 406 2990 Cart.:
428 2954 639 2999 promissa.
