2070 3486
732 359 783 363 —
822 334 906 374 2:55)
941 360 992 365 —

81 428 204 485 copis
227 443 313 469 non
341 428 666 485 pcrmillimus,
698 435 757 475 ecl,
793 428 865 470 rel
894 436 1019 470 luam
1051 428 1120 470 rel
1139 443 1442 471 successorum
1467 435 1646 470 luorum

77 513 295 556 personas
323 499 542 555 synodali
573 500 802 541 vocatione
832 499 1020 541 debeant
1043 501 1257 556 salissam,
1294 501 1384 541 nisi
1415 515 1498 556 pro
1532 500 1646 540 cari-

81 571 189 612 tatis
224 571 398 627 qratia,
439 586 539 612 cnm
569 571 630 612 eels-
667 570 899 613 ιόίιισνίίίς
934 572 1180 612 concene're.
1216 572 1281 613 Ex
1309 571 1473 627 quilius
1499 571 1645 613 verbis

81 642 198 683 idem
240 643 381 683 abluis
419 642 592 683 «licebat
635 646 784 697 palere
824 642 1061 684 manifeste
1102 656 1147 684 se
1189 643 1438 684 immunem
1484 657 1581 683 esse
1621 657 1645 683 a

81 713 287 769 synodali
316 714 550 755 vocatione
576 714 904 767 Magalmmnsis
932 713 1156 769 episcopi;
1194 717 1251 756 et.
1278 727 1377 755 cum
1408 713 1501 755 sola
1529 713 1647 755 dicta

79 787 216 828 carta.
241 784 387 826 dictus
415 785 557 826 abbas
582 785 783 826 variabat
810 784 1041 840 judicium,
1077 798 1284 827 asserens
1307 799 1352 827 sc
1377 798 1473 827 esse
1502 784 1649 827 absol-

79 856 281 897 vendum
309 869 336 897 a
358 855 462 897 dicti
486 855 659 897 domini
682 856 882 911 episcopi
905 856 1201 911 impetitione.

139 999 327 1041 Eeontra
369 999 582 1041 domiuus
617 999 857 1054 episcopus
893 998 1117 1054 allegabat
1146 1002 1443 1041 memoratam
1478 1001 1646 1041 cartam

81 1069 165 1112 sibi
188 1084 276 1112 non
306 1071 481 1112 obesse.
508 1072 632 1120 Quod
659 1070 842 1125 quidem
866 1070 1019 1112 multis
1045 1070 1295 1112 rationibus
1323 1071 1541 1126 arguebat
1563 1085 1569 1111 :
1602 1070 1645 1111 iu

80 1141 238 1197 primis
256 1141 409 1183 dicens
432 1141 596 1183 dietam
613 1145 781 1184 cartam
802 1141 977 1190 falsam,
999 1142 1068 1183 vel
1093 1144 1348 1196 suspectam
1371 1142 1462 1183 l'ore
1481 1141 1642 1190 littera,

80 1211 322 1255 dictamine
351 1216 394 1254 et
419 1213 552 1255 bulla.

141 1283 323 1326 Dicebat
356 1297 555 1339 namque
585 1284 718 1339 lippis
745 1288 789 1325 et
819 1284 1078 1326 tonsoribus
1114 1287 1266 1339 putere
1300 1284 1492 1326 litteram
1522 1284 1645 1325 illam

81 1369 179 1398 esse
213 1355 343 1410 louge
378 1355 644 1397 dissimilem
687 1342 743 1397 al)
785 1355 858 1397 illa
895 1356 1043 1398 littera
1081 1370 1168 1411 que
1205 1355 1249 1397 in
1290 1357 1493 1398 Romana
1526 1355 1645 1396 curia

80 1427 418 1483 frequentatum
449 1428 602 1468 (licens
629 1429 748 1482 quod
780 1427 927 1469 littera
953 1427 1029 1469 illa
1055 1427 1206 1483 potius
1232 1427 1470 1469 videbatur
1496 1440 1642 1479 greca.

81 1499 151 1541 vel
174 1499 368 1546 arabica,
395 1512 530 1554 quam
556 1499 705 1540 latina*

139 1571 247 1613 Item
271 1570 415 1613 stilus.
448 1570 542 1612 sive
572 1571 733 1611 modus
756 1570 1026 1619 dictaminis,
1061 1570 1214 1612 varius
1241 1572 1309 1612 est
1339 1570 1396 1611 ab
1423 1584 1475 1611 eo
1502 1570 1578 1624 qui
1601 1569 1642 1610 in

82 1642 281 1684 Romana
308 1641 429 1683 curia
457 1642 745 1682 observatur.
777 1655 880 1683 cum
910 1641 953 1682 in
981 1643 1101 1683 carta
1134 1641 1251 1683 dieta
1278 1640 1489 1682 (lominus
1526 1642 1643 1695 Papa

82 1712 158 1754 uni
187 1725 377 1768 persone
402 1713 536 1754 modo
564 1712 608 1753 iu
634 1713 809 1767 plurali.
837 1714 972 1755 modo
994 1713 1039 1754 in
1061 1712 1273 1768 singulari
1298 1712 1524 1767 loquatur.

143 1785 252 1826 Item
285 1787 329 1825 et
361 1784 464 1839 quia
499 1783 541 1825 iu
580 1798 631 1825 ea
665 1787 787 1826 carta
814 1784 1069 1826 continetur
1102 1784 1198 1826 sola
1225 1783 1494 1838 subscriptio
1530 1783 1648 1824 illius

82 1855 254 1898 domini
279 1856 411 1911 Pape,
443 1857 563 1911 quod
587 1857 789 1898 Romana
811 1856 933 1898 curia
962 1870 1050 1898 non
1080 1857 1306 1897 observat.

141 1927 251 1969 Item
291 1927 459 1969 bullam
491 1927 625 1969 etiam
662 1927 839 1969 dicebat
868 1930 1124 1983 suspectam
1158 1940 1279 1975 esse,
1307 1930 1349 1969 et
1379 1925 1648 1969 contrariam

83 1998 203 2041 bulle
240 2001 453 2040 consuete
491 1999 667 2040 Summi
707 1998 935 2041 Pontificis
970 1999 1012 2041 in
1049 1999 1234 2041 multis:
1267 1998 1374 2054 quia
1407 1998 1451 2039 iu
1479 2011 1529 2039 ea
1559 2011 1649 2038 nou

83 2070 230 2112 solum
253 2070 399 2126 capita
422 2071 743 2126 Apostolorum
768 2071 988 2126 impressa
1015 2071 1317 2118 eontinentur,
1343 2070 1483 2111 immo
1512 2069 1647 2111 etiam

85 2142 262 2197 spatule
286 2145 328 2184 et
356 2155 518 2184 manus
541 2143 751 2198 quedam,
783 2156 870 2197 que
890 2144 1052 2198 pedem
1074 2142 1227 2184 Crucis
1245 2141 1558 2196 amplectitur;
1591 2154 1647 2182 ex

83 2214 224 2256 altera
245 2227 352 2256 vero
372 2217 512 2269 parte,
529 2216 633 2256 ante
653 2227 817 2255 nomen
843 2215 960 2269 Pape
983 2214 1257 2270 premittitur
1278 2213 1456 2267 signum
1476 2211 1643 2254 Crucis.

87 2285 293 2327 preterea
319 2285 363 2326 iu
390 2284 529 2327 torma
557 2285 724 2333 Crucis,
761 2286 876 2327 inter
900 2285 1123 2340 imagines
1149 2285 1459 2340 apostolorum
1486 2283 1650 2325 consti-

85 2358 201 2404 tute,
243 2359 286 2398 et
328 2356 371 2397 iu
418 2356 559 2398 l'orma
588 2357 862 2404 litterarum,
908 2357 1074 2412 quibus
1116 2355 1424 2411 apostolorum
1465 2354 1647 2396 nomina

84 2427 391 2483 designantur,
424 2441 587 2481 magua
615 2431 763 2483 polest
790 2428 1030 2470 diversitas
1060 2428 1257 2482 rtq‘ieriri.
1290 2426 1651 2481 Deprehenditur

85 2498 220 2541 etiam
244 2499 363 2541 bulle
392 2499 586 2541 varietas
610 2499 652 2541 in
675 2499 839 2541 circulo
862 2502 905 2541 et
934 2499 979 2541 in
1009 2499 1200 2555 punctis,
1232 2502 1276 2540 et
1308 2498 1351 2539 in
1373 2498 1645 2552 ‹pliliusdam

83 2570 209 2619 aliis;
241 2574 284 2612 et
319 2571 381 2613 sic
414 2573 535 2626 patet
570 2574 737 2613 cartam
773 2562 1022 2626 predictam
1045 2584 1143 2613 esse
1171 2574 1443 2625 suspectam.
1476 2572 1516 2611 et
1549 2569 1646 2609 ideo

85 2641 207 2684 nulla
245 2641 356 2684 fides
390 2645 458 2684 est
498 2642 536 2684 ei
580 2643 802 2690 habenda,
847 2643 931 2685 uisi
968 2656 1047 2697 per
1085 2642 1393 2697 supradictum
1433 2641 1645 2681 abbatom

85 2712 218 2756 fuerit
244 2715 551 2769 comprobata.

145 2785 350 2827 Secundo
372 2785 597 2840 allegabat
618 2785 763 2827 dictus
784 2785 997 2827 dominus
1023 2785 1264 2840 episcopus
1284 2784 1528 2839 predictam
1555 2795 1647 2823 cur-

84 2857 200 2901 tam,
232 2856 314 2898 etsi
363 2869 465 2898 vera
498 2860 637 2902 esset,
677 2856 758 2897 sihi
803 2857 843 2897 in
885 2857 1008 2898 nullo
1044 2856 1348 2911 prejudicare:
1391 2868 1490 2895 num
1525 2857 1650 2894 tenor

90 2927 306 2983 scripture
330 2927 454 2969 illum
488 2928 675 2983 adjuvat
699 2929 764 2969 vel
800 2928 1051 2983 impugnat,
1079 2927 1206 2982 eujus
1228 2926 1503 2968 mentionem
1531 2925 1646 2965 lacit

91 2998 178 3041 Sed
207 2998 281 3040 illa
309 2998 545 3054 scriptura,
571 2999 614 3040 in
642 2998 793 3053 aliqua
817 2999 885 3041 sui
908 3002 1049 3055 parte,
1075 2998 1336 3054 episcopum
1367 2996 1652 3051 Magalonen-
