2070 3486
943 279 993 283 -
1036 252 1116 293 '478
1150 279 1202 283 -

354 353 458 393 ilem
495 350 650 391 statuit
681 350 798 403 quod
833 351 980 389 verbus
1017 361 1231 389 numerus
1260 347 1563 394 dominarum,
1596 349 1685 388 tam
1717 346 1852 402 virgi-

294 438 398 464 num
438 435 573 476 quum
619 421 883 461 viduarum.
929 419 986 460 sit
1027 418 1084 459 ibi
1128 421 1345 473 perpetuo
1386 418 1647 465 conclusus,
1686 417 1852 460 scilicet

292 496 445 535 ‹lm-rm
491 495 533 532 et
574 494 744 545 septem
787 490 1127 530 tautummodo.
1177 489 1460 535 velaturum;
1509 488 1583 543 qui
1632 502 1849 532 numerus

292 565 475 605 ulterius
498 577 584 603 non
603 562 804 606 excedat,
830 560 911 601 nisi
940 561 994 601 de
1014 559 1193 614 speciali
1218 560 1432 601 mamiato
1460 559 1630 601 domiui
1649 559 1849 615 episcopi

293 634 638 687 Magalonrnsis.

351 708 456 748 llem
507 704 663 746 statuit
708 704 826 757 quod
875 705 1125 744 conventus
1165 701 1258 743 sive
1298 701 1544 756 capitulum
1587 702 1848 744 monasterii

291 775 597 832 suprascripti,
632 788 717 816 una
748 787 848 815 cum
880 775 1164 828 procuratore
1199 772 1265 814 vel
1293 772 1658 815 administratore
1687 772 1844 828 ipsius,

292 849 371 889 sibi
419 848 586 899 eligant
628 845 884 900 priorissam
920 843 1232 891 claustralem,
1279 843 1524 896 virginem,
1555 845 1610 885 de
1646 843 1848 898 ejusdem

294 918 564 960 monasterio
597 917 663 957 vel
691 916 778 957 alio
812 915 1014 970 ejusdem
1044 914 1364 969 professionis:
1396 914 1522 972 cuius
1550 913 1848 971 electio[nem]

292 993 506 1045 pei-prino
543 988 699 1029 statuit
739 987 834 1029 fieri
865 987 1112 1027 secundum
1154 985 1343 1027 formam
1372 985 1545 1027 domini
1578 987 1693 1041 l'ape
1721 986 1852 1027 Inno-

289 1061 419 1103 ‹·ontii
442 1060 577 1107 tercii,
610 1059 736 1114 eujus
760 1062 888 1100 tenor
917 1059 1015 1099 [alis
1043 1060 1139 1100 est:

338 1194 442 1238 Quia
464 1195 631 1241 propter
652 1193 843 1228 diversas
871 1191 1122 1228 electionum
1149 1191 1319 1233 formas,
1343 1201 1446 1237 quas
1469 1190 1637 1237 quidam
1660 1190 1850 1227 invenire

289 1264 511 1301 (conantur,
545 1263 584 1295 et
610 1259 742 1295 multa
771 1258 1072 1305 impedimenta
1107 1257 1384 1304 proveniunt,
1408 1259 1449 1292 et
1479 1267 1637 1303 magna
1669 1256 1849 1304 pericula

291 1326 511 1362 imminent
548 1324 734 1361 ecclesiis
778 1323 981 1365 viduatis,
1021 1322 1249 1359 statuimus
1293 1324 1359 1364 ut,
1401 1333 1495 1357 cum
1542 1321 1687 1358 electio
1727 1321 1852 1358 suerit

290 1391 548 1433 celebrznula,
574 1389 840 1437 presentibus
863 1388 1058 1424 omnibus
1080 1388 1150 1435 qui
1173 1387 1338 1429 debent,
1363 1390 1403 1424 et
1428 1388 1589 1430 volunt,
1613 1389 1652 1423 et
1674 1389 1853 1435 possunt

288 1456 503 1492 commode
525 1456 749 1497 interesse,
773 1457 1047 1491 assumantur
1073 1457 1160 1489 tres
1194 1453 1242 1489 de
1273 1453 1467 1500 collegio,
1502 1451 1581 1488 fide
1616 1452 1745 1500 digni,
1767 1451 1850 1500 qui,

290 1525 448 1558 ¹<ecreto
476 1524 515 1557 et
545 1521 775 1566 sigillatim,
800 1524 898 1556 vota
916 1522 1161 1555 cunctorum
1194 1518 1417 1566 diligenter
1438 1518 1723 1565 exquirantur,
1747 1504 1789 1554 et
1807 1517 1849 1553 in

289 1587 456 1634 seriptis
477 1586 643 1623 redacta
664 1597 760 1622 mox
782 1585 995 1633 publicent
1019 1585 1060 1620 in
1089 1584 1314 1626 communi,
1339 1584 1452 1620 nullo
1473 1594 1646 1631 prorsus
1665 1582 1848 1631 appella-

288 1652 414 1688 tionis
445 1651 660 1688 obstaculo
690 1651 933 1697 interjecto,
967 1654 1032 1692 ut,
1069 1660 1116 1686 ea
1149 1649 1367 1686 collatione
1399 1648 1564 1691 habita,
1604 1648 1786 1696 eligatur
1805 1647 1847 1684 in

288 1730 411 1765 quem
428 1728 587 1754 omnes,
607 1717 672 1752 vel
688 1717 825 1763 major
844 1720 884 1752 et
900 1716 1042 1752 sanior
1056 1726 1153 1762 pars
1169 1715 1399 1758 consentit;
1422 1714 1486 1751 vel
1503 1714 1644 1751 saltim
1661 1716 1850 1761 potestas

289 1783 467 1830 eligendi
497 1782 707 1829 aliquibus
739 1782 841 1817 viris
878 1781 1038 1817 idoneis
1072 1780 1381 1823 committatur,
1418 1780 1501 1827 qui,
1539 1780 1627 1816 vice
1660 1779 1850 1816 omnium

290 1848 469 1884 Ecclesie
501 1847 669 1884 viduate
698 1846 947 1894 provideant
977 1846 1025 1882 de
1054 1849 1246 1893 pastore;
1286 1846 1405 1882 aliter
1436 1845 1579 1881 electio
1620 1845 1730 1881 sacta
1768 1855 1850 1880 non

291 1914 440 1955 valeat,
464 1914 542 1949 nisi
568 1914 671 1949 sorte
693 1913 972 1949 communiter
997 1916 1109 1948 esset
1130 1911 1181 1948 ab
1202 1911 1413 1954 omnibus,
1435 1910 1555 1958 quasi
1576 1909 1850 1958 inspiratione

289 1979 443 2021 divina,
470 1979 628 2026 absque
652 1979 753 2015 vitio
775 1978 996 2015 celebrata.
1027 1977 1105 2020 Qui
1129 1988 1226 2013 vero
1249 1980 1394 2013 contra
1414 1976 1669 2024 prescriptas
1691 1976 1850 2012 formas

290 2045 442 2090 eligere
473 2045 805 2092 attemptaverit,
839 2043 1018 2091 eligendi
1052 2054 1101 2080 ea
1136 2043 1225 2079 viee
1256 2045 1464 2090 potestate
1500 2042 1708 2090 privetur.
1747 2040 1851 2081 Illud

289 2116 429 2147 autem
452 2111 617 2157 penitus
648 2110 947 2153 interdicimus,
971 2121 1021 2145 ne
1041 2109 1134 2156 quis
1155 2109 1197 2144 in
1222 2108 1437 2145 electionis
1458 2107 1630 2155 negotio
1651 2116 1849 2154 procura-

290 2181 423 2211 torem
446 2177 688 2215 emistituat,
713 2176 794 2211 nisi
817 2175 871 2211 sit
892 2175 1046 2211 absens
1075 2175 1117 2210 in
1137 2185 1183 2210 eo
1208 2174 1310 2217 loco,
1334 2173 1382 2210 de
1413 2184 1493 2221 quo
1516 2172 1665 2210 debeat
1693 2171 1850 2214 vocari,

287 2243 485 2288 Justmpie
521 2241 819 2288 impedimento
850 2241 1044 2281 detentus
1067 2240 1210 2276 venire
1239 2250 1321 2275 non
1351 2238 1499 2286 possit,
1533 2249 1658 2285 super
1687 2248 1783 2285 quo,
1815 2237 1850 2273 si

290 2318 395 2354 opus
424 2306 559 2349 fuerit,
590 2307 712 2342 fidem
745 2307 869 2343 faciat
888 2306 1154 2352 juramento;
1179 2308 1220 2341 et
1238 2308 1349 2345 tunc,
1372 2304 1407 2340 si
1431 2303 1623 2347 voluerit,
1647 2302 1720 2340 uni
1739 2313 1853 2339 com-

293 2372 432 2409 mittat
453 2373 500 2408 de
518 2373 607 2420 ipso
631 2373 804 2419 collegio
828 2372 963 2408 vicem
986 2383 1119 2408 suam.
1154 2371 1409 2407 Electionem
1437 2380 1602 2417 quoque
1629 2367 1852 2406 clandesti-

293 2450 388 2474 nam
423 2438 588 2484 penitus
620 2438 908 2485 reprobamus,
944 2440 1179 2474 statuentes
1210 2440 1268 2478 ut,
1292 2446 1419 2483 quam
1448 2435 1528 2471 cito
1559 2434 1704 2471 electio
1727 2431 1854 2470 fuerit

293 2503 514 2546 celebrata,
539 2504 826 2550 sollempniter
848 2503 1094 2550 publicetur.

354 2633 461 2673 Item
492 2632 647 2673 statuit
672 2632 760 2686 jum
791 2632 937 2673 dictus
974 2631 1187 2673 dominus
1217 2629 1575 2677 archidiaconus,
1601 2628 1723 2683 quod
1750 2640 1853 2682 pre-
1891 2663 1896 2668 .

293 2704 409 2744 ‹lieta
439 2704 577 2745 electa
605 2703 788 2745 domino
822 2702 1126 2758 Magalonensi
1162 2701 1373 2757 episcopo
1407 2700 1638 2748 offeratur,
1670 2702 1719 2741 ut
1749 2711 1853 2740 con-

295 2774 499 2815 firmetur
540 2776 610 2815 vel
660 2775 873 2829 probetur
913 2774 970 2815 ab
1007 2787 1090 2819 eo;
1135 2773 1262 2828 cujus
1310 2772 1445 2814 etiam
1500 2769 1768 2826 approbatio
1809 2771 1855 2811 et

296 2846 570 2900 reprolmlio,
599 2845 818 2886 institutio
841 2848 884 2886 et
905 2844 1136 2886 destitutio
1157 2845 1212 2885 ad
1237 2844 1385 2898 ipsum
1403 2841 1640 2884 dominum
1662 2840 1855 2896 Magalo-

298 2930 480 2958 uensem
506 2917 767 2972 episcopum
791 2918 961 2971 spectet
981 2919 1024 2957 et
1045 2915 1268 2970 pertineat
1287 2917 1505 2969 perpetuo
1528 2913 1661 2969 pleno
1680 2911 1793 2969 jure.
