2070 3486
770 331 822 335 —
858 306 944 348 (393
979 333 1031 337 —

176 399 302 446 Item,
335 400 493 441 eodem
524 400 682 443 modo,
719 400 846 440 vobis
874 404 917 442 et
944 402 1058 443 (Ιίοῑυ
1096 402 1247 442 domui
1285 402 1433 443 saneti
1465 402 1682 443 Johannis

116 470 278 511 damus
304 472 348 511 et
381 469 669 511 concedimus
704 470 1063 525 imperpetuum,
1109 472 1290 513 nomine
1332 472 1681 526 pernullacionis

114 554 195 583 seu
228 540 429 587 scambii,
472 553 549 595 pro
585 540 723 581 libero
750 544 792 582 et
815 541 966 583 frans-,0
987 543 1172 587 allodio,
1200 545 1254 584 ad
1288 543 1512 585 faciendas
1542 542 1679 584 libere

113 624 272 653 omnes
306 610 562 652 voluntates
601 613 797 653 vestras.
829 612 962 653 aliam
999 613 1161 653 scilic-vl
1195 613 1355 655 libram
1388 613 1554 668 piperis
1583 628 1683 656 cen—

114 681 316 729 sualem,
347 694 485 737 quam
512 681 607 723 sine
636 682 836 723 dominio
877 686 920 723 ct
958 683 1195 735 laudumo,
1237 687 1280 725 et
1314 685 1409 726 sine
1444 685 1566 726 omni
1595 685 1683 726 alio

112 752 210 808 iure
232 753 513 795 habebamus
537 752 579 793 in
603 766 691 794 una
714 753 837 807 pecia
861 757 973 795 terre
998 757 1265 810 vrst1·a,‹1ue
1288 758 1473 797 vocatur
1487 756 1683 811 Campus

114 824 170 866 de
191 824 321 871 Area,
348 826 392 866 et
411 826 479 865 est
498 825 658 865 subtus
683 825 942 866 l'runetum.
969 825 1021 866 Et
1042 825 1353 867 conl'rontalur
1372 840 1427 868 ex
1450 840 1538 867 una
1558 829 1683 881 parte

114 907 216 937 cum
238 895 409 936 honore
430 897 596 942 vestro,
620 895 694 950 qui
719 894 801 936 fuit
819 895 999 937 domine
1019 896 1204 938 Galiane
1227 900 1270 938 et
1291 897 1534 938 liberorum
1557 897 1678 952 ejus:

115 968 241 1008 etex
267 965 355 1007 alia
387 968 513 1021 parte
547 979 647 1007 cuni
679 966 895 1009 carreria.
934 980 1023 1021 qua
1058 967 1146 1008 itur
1175 968 1229 1008 de
1270 969 1462 1010 l'runeto
1495 969 1552 1009 ad
1582 969 1683 1010 l're-

114 1049 351 1084 verranca;
385 1039 512 1079 etex
539 1036 628 1079 alia
654 1050 755 1078 cum
793 1037 963 1079 honore
1005 1038 1168 1079 domus
1203 1039 1379 1085 Milieie,
1426 1038 1599 1081 viaculo
1638 1039 1679 1080 in

115 1107 292 1154 medio;
333 1110 378 1150 et
411 1121 467 1150 ex
503 1107 591 1149 alia
623 1121 725 1149 cum
757 1109 949 1150 cari-cria
982 1123 1071 1163 qua
1106 1109 1194 1150 ilur
1227 1110 1281 1151 de
1317 1108 1515 1165 predicta
1545 1112 1681 1152 domo

116 1177 280 1221 Milicie
302 1192 462 1221 versus
484 1179 796 1221 Preverranca.

174 1250 301 1298 Item,
323 1250 481 1309 eodem
506 1250 654 1292 modo.
683 1250 811 1291 vobis
832 1252 878 1291 et
899 1250 1095 1305 predicte
1116 1251 1269 1292 domui
1295 1252 1441 1293 sancti
1463 1251 1681 1293 ,iohannis

114 1322 278 1363 damus
305 1323 348 1363 et
383 1321 671 1363 concedimus
706 1321 1067 1376 imperpetuum.
1098 1322 1195 1377 jure
1225 1322 1574 1377 permutacionis
1602 1336 1680 1365 seu

113 1391 356 1440 escambii,
396 1405 477 1447 pro
517 1391 656 1446 libero
690 1395 734 1434 et
774 1391 926 1434 franco
965 1393 1141 1439 alodio,
1183 1394 1236 1435 ad
1282 1393 1506 1435 faciendas
1543 1394 1680 1436 libere

114 1476 273 1505 omnes
308 1463 565 1505 voluntates
593 1466 793 1510 vestras,
844 1463 1051 1505 videlicet
1082 1478 1216 1506 uuam
1254 1464 1414 1506 libram
1449 1478 1546 1506 cere
1580 1479 1681 1506 cen-

115 1534 304 1579 sualem,
335 1547 472 1590 quam
501 1534 596 1576 siue
634 1535 834 1576 dominio
863 1538 900 1576 el
936 1535 1165 1582 laudimio,
1207 1538 1249 1576 et
1287 1536 1375 1577 alio
1409 1536 1505 1591 jure
1546 1537 1680 1578 liabe-

113 1605 277 1647 bamus
307 1605 352 1647 in
371 1608 464 1648 toto
485 1605 670 1653 honore,
697 1619 834 1661 quam
856 1605 962 1647 olim
992 1606 1179 1648 donavit
1207 1606 1321 1648 dicte
1349 1606 1503 1647 domui
1527 1607 1676 1648 Sancti

113 1675 332 1718 Johannis
354 1676 634 1718 Raimundus
663 1677 746 1718 Bec
774 1677 828 1718 de
859 1677 1078 1721 Cei-none,
1112 1690 1199 1732 que
1228 1681 1296 1719 est
1323 1677 1365 1718 in
1391 1677 1597 1719 terminio
1626 1678 1678 1719 dc

114 1747 244 1795 Vico;
276 1747 353 1803 qui
375 1747 518 1789 honor
539 1751 727 1790 vocatur
755 1747 964 1789 Bait-aran
983 1783 990 1795 ,
1018 1752 1151 1803 prout
1172 1749 1426 1790 continetur
1448 1749 1491 1790 in
1516 1749 1679 1790 instru—

113 1820 266 1859 mento
299 1818 415 1860 dicte
454 1818 741 1865 donacionis,
774 1822 817 1860 et
857 1818 900 1860 in
938 1819 1038 1860 aliis
1082 1819 1395 1861 instrumentis
1436 1821 1490 1861 ad
1529 1819 1678 1874 ipsum

116 1887 334 1931 honorem
363 1888 710 1944 pertinentibus.

171 1959 265 2010 Que
284 1959 454 2002 usatica
475 1960 673 2015 predicta
689 1961 850 2002 damus
869 1963 913 2001 et
935 1964 1248 2015 permutamus
1269 1961 1397 2003 vobis
1417 1964 1460 2003 et
1484 1961 1679 2016 predicte

111 2030 270 2073 domui
302 2031 451 2073 Sancti
487 2031 727 2079 Joliannis,
760 2026 919 2082 habita
941 2032 1272 2074 deliberacione
1298 2033 1389 2088 jain
1423 2036 1466 2074 et
1493 2032 1678 2074 consilio

113 2099 365 2157 superbiis
395 2102 622 2157 diligenti,
665 2117 743 2157 pro
779 2103 1044 2158 subscriptis
1078 2103 1518 2159 quatuorsextariis
1555 2103 1676 2145 ordei

111 2175 157 2215 et
182 2173 360 2215 duobus
387 2174 582 2216 denariis
608 2174 911 2221 censualibus,
943 2177 987 2216 et
1014 2189 1093 2230 pro
1122 2175 1339 2223 dominio,
1372 2178 1415 2217 et
1441 2175 1674 2217 laudimio.

111 2247 156 2286 et
180 2244 367 2286 consilio
395 2258 482 2299 que
512 2259 591 2287 vos
625 2246 861 2287 habebatis
901 2246 946 2287 iu
980 2246 1246 2301 subscriptis
1277 2247 1525 2288 honoribus
1562 2246 1678 2288 Petri

110 2315 166 2358 de
188 2316 351 2358 Sancto
375 2316 527 2363 Paulo,
553 2316 631 2371 qui
653 2319 759 2358 sunt
779 2316 823 2358 in
847 2316 971 2372 Equa
993 2317 1125 2371 longa
1146 2332 1153 2363 ;
1179 2320 1227 2359 et·
1243 2317 1601 2365 confroutantur,
1631 2320 1679 2359 ut

112 2379 300 2429 interius
325 2387 541 2442 scriptum
571 2391 653 2430 est.
697 2387 789 2438 Que
822 2388 1006 2444 quidem
1038 2392 1234 2443 quatuor
1261 2389 1462 2434 sestaria.
1495 2392 1539 2431 et
1565 2390 1678 2431 duos

111 2458 322 2500 denarios
344 2459 666 2513 melgorienses
693 2473 795 2501 cum
824 2460 1041 2507 dominio,
1075 2463 1119 2501 et
1152 2460 1396 2507 laudimio,
1422 2464 1466 2502 et
1492 2460 1676 2502 consilio

112 2529 278 2572 scimus
300 2533 344 2572 et
363 2530 675 2585 cognoscimus
698 2531 816 2585 large
841 2531 1003 2579 valere,
1024 2534 1068 2573 et
1088 2531 1228 2573 eciam
1253 2531 1353 2586 plus
1377 2532 1524 2573 valere
1539 2545 1674 2587 quam

112 2600 285 2642 usatica
318 2600 517 2655 predicta
543 2602 734 2643 duarum
758 2601 974 2643 librarum
999 2602 1164 2657 piperis
1194 2606 1238 2643 et
1264 2602 1395 2644 unius
1421 2602 1530 2644 libre
1557 2616 1671 2650 cere,

112 2684 214 2713 cum
251 2671 425 2713 nullum
459 2672 712 2714 dominium
746 2672 811 2713 vel
842 2673 963 2714 aliud
993 2673 1064 2728 jus
1092 2674 1365 2715 haberemus
1405 2674 1445 2714 in
1478 2673 1675 2728 predicto

112 2744 227 2789 orto,
260 2742 328 2783 vel
358 2742 402 2783 in
429 2743 640 2784 domibus
670 2743 810 2798 ipsius
841 2744 948 2790 orti,
985 2757 1066 2786 nec
1095 2743 1137 2785 in
1173 2744 1343 2785 honore
1371 2744 1570 2799 predicto
1598 2745 1675 2799 qui

112 2811 198 2854 fuit
225 2813 467 2855 Raimundi
495 2814 595 2856 Bec.

173 2883 482 2926 promittimus
512 2885 646 2939 igitur
676 2886 827 2931 vobis,
860 2885 1035 2941 prelato
1065 2886 1186 2928 fratri
1219 2886 1266 2926 G.
1307 2886 1545 2940 scriptori,
1579 2900 1674 2940 pre-

111 2955 279 3011 ceptori
313 2955 511 3011 predicte
545 2957 707 2998 domus
737 2957 887 2999 Sancti
920 2957 1152 3004 joliannis,
1186 2957 1418 3013 stipulanti
1447 2971 1528 3012 pro
1555 2957 1673 2999 dicta
