2070 3486
822 301 1083 342 -425—

231 395 533 448 Interrogatus
573 395 765 450 qualiter
808 395 1070 449 dereliquit.
1116 395 1227 436 dixit
1263 396 1381 450 quod
1432 395 1538 437 vidit
1587 396 1733 451 ipsum

170 469 429 513 exeuntem,
454 469 497 508 et
519 469 675 521 postea
699 480 785 507 non
812 466 954 507 rediit.

230 537 281 578 Et
303 537 421 578 idem
449 537 564 578 dixit
591 537 711 591 quod
747 538 789 577 P.
822 537 875 577 de
913 537 1186 578 Mainnwnn.
1222 538 1275 578 de
1303 537 1602 591 prohibitione
1624 552 1735 591 quo-

172 608 378 649 rumdam
420 607 655 649 hominum
696 607 748 648 de
791 610 917 648 nocte
958 621 1058 648 cuni
1100 608 1264 651 arinis.
1310 610 1349 648 et
1391 609 1444 649 de
1485 607 1733 649 redditione

171 677 319 720 castri.

229 748 339 790 Item
367 748 483 790 dixit
513 749 631 803 quod
671 761 822 790 comes
858 748 976 789 venit
1012 749 1065 789 ad
1102 752 1296 790 castrum
1336 750 1390 791 de
1425 749 1659 792 Baladuco.
1693 753 1734 790 et

169 819 285 861 dixit
310 819 491 862 domine
521 819 724 865 Beati-ici,
750 819 869 874 quod
906 820 1110 860 redderet
1140 819 1177 859 ei
1208 821 1350 874 capud
1374 820 1533 863 castri:
1563 824 1605 862 et
1639 820 1736 875 ipsa

169 890 285 933 dixit
316 891 438 946 quod
466 904 553 932 non
580 893 780 945 poterat:
812 893 851 931 et
881 903 982 931 cuni
1011 890 1176 931 exisset
1210 893 1334 931 extra
1368 891 1566 932 barrium
1594 892 1650 932 ad
1674 891 1736 931 lo-

169 962 402 1017 quendum
423 975 524 1003 cum
552 961 729 1006 comite.
756 975 906 1003 comes
932 961 1065 1016 jussit
1093 975 1190 1002 eam
1219 962 1329 1002 twne
1352 962 1580 1004 custodiri.

227 1033 337 1075 Item
364 1032 479 1075 dixit
499 1033 619 1087 quod
640 1033 824 1074 domina
853 1032 1067 1086 B[eatrix]
1101 1032 1197 1073 fecit
1220 1032 1393 1087 aperire
1417 1036 1591 1087 portam
1616 1033 1735 1088 capi-

171 1103 226 1146 tis
252 1104 412 1149 castri.
444 1107 488 1146 et
514 1117 664 1146 comes
692 1107 736 1146 et
763 1104 830 1145 sni
861 1103 1138 1145 intraverunt
1170 1105 1312 1158 capud
1346 1104 1506 1149 rastri,
1546 1107 1586 1145 et
1616 1104 1735 1146 leva-

169 1178 332 1217 verunt
371 1174 432 1216 ibi
466 1175 683 1216 vexillum
725 1188 887 1221 suuni,
928 1178 969 1216 et
1004 1174 1101 1229 ipsa
1144 1175 1359 1229 I3[eatrix]
1397 1175 1592 1217 extraxit
1634 1175 1733 1217 inde

169 1259 329 1289 omnes
358 1259 426 1288 res
455 1259 574 1288 suas.

229 1318 289 1359 De
310 1320 528 1372 tempore,
560 1316 675 1359 dixit
702 1316 821 1359 idem
841 1318 963 1372 qnod
988 1318 1032 1357 I’.
1059 1316 1331 1358 Dalmat-ins.

228 1389 338 1431 Item
360 1388 476 1430 dixit
507 1389 627 1443 quod
653 1400 804 1430 comes
842 1388 962 1430 venit
994 1388 1049 1430 ad
1071 1388 1238 1429 dictum
1270 1391 1466 1429 castrum
1496 1388 1607 1430 benc
1634 1403 1734 1430 cum

170 1460 287 1501 XXX
315 1459 464 1501 sociis.

229 1531 340 1572 Item
372 1530 487 1572 dixit
520 1532 657 1585 quod,
690 1534 789 1585 post
825 1532 1072 1572 adventum
1101 1529 1272 1571 domini
1306 1530 1497 1572 comitis.
1531 1531 1736 1572 homines

170 1601 225 1644 de
252 1600 475 1643 Baladuco
497 1603 717 1643 steterunt
739 1600 1118 1643 excommunicati
1140 1614 1220 1655 per
1247 1601 1363 1642 11110r
1382 1615 1541 1643 annos.

230 1673 339 1715 Item
361 1671 476 1714 dixit
498 1673 635 1728 quod,
667 1673 710 1714 in
732 1673 932 1714 adventu
954 1671 1125 1713 domini
1154 1672 1345 1718 comitis,
1377 1675 1418 1713 et
1440 1675 1558 1714 ante.
1591 1673 1736 1714 dictus

169 1757 321 1786 comes
348 1743 491 1786 tenuit
519 1744 687 1785 dictum
717 1747 915 1786 castrum
938 1757 1017 1798 per
1042 1742 1100 1784 VI
1126 1756 1285 1785 annos.

229 1815 338 1857 Item
363 1814 478 1856 dixit
498 1815 618 1870 quod
650 1816 701 1857 G.
733 1815 787 1857 de
815 1814 986 1857 OrIIaco
1011 1815 1189 1856 tenebat
1212 1818 1407 1856 castrum
1437 1816 1491 1857 de
1514 1815 1736 1857 Baladuco

171 1899 250 1941 pro
277 1885 456 1933 comite,
480 1888 525 1928 et
545 1887 596 1927 G.
623 1886 689 1928 Jo.
717 1899 796 1941 pro
818 1886 869 1928 G.
902 1886 956 1927 de
982 1885 1169 1928 Orllaco.

228 1957 338 1999 Item
361 1957 476 1999 dixit
496 1958 633 2012 quod.
658 1957 703 1998 in
734 1957 846 1998 festo
869 1957 1194 1998 penthecosten
1224 1958 1344 2012 quod
1377 1956 1457 1998 tuit
1483 1970 1645 2003 annus,
1671 1959 1727 1999 (ἶ.

170 2028 242 2070 .Ιο.
270 2029 453 2070 tenebat
473 2028 641 2071 dictum
671 2031 886 2070 castrum.

231 2172 277 2213 B.
307 2171 512 2214 Gutfredi
549 2173 603 2214 de
637 2172 884 2219 Baladuco,
917 2172 1043 2214 testis
1082 2172 1272 2227 juratus.
1311 2172 1422 2213 dixit
1469 2173 1586 2215 idem
1615 2175 1733 2228 qnod

172 2245 218 2285 Ρ.
250 2243 504 2286 Dalmacius
532 2244 585 2285 de
625 2246 908 2286 sacramento
937 2243 1037 2285 hinc
1067 2244 1167 2285 inde
1191 2243 1393 2299 prestitof
1426 2247 1466 2286 et
1498 2245 1618 2299 quod
1647 2259 1735 2287 non

170 2315 396 2357 recederet
422 2315 478 2357 ab
500 2315 579 2357 eis.
606 2318 649 2357 et
676 2315 731 2356 de
763 2315 1118 2356 intromittendis
1154 2315 1413 2357 hominibus
1442 2316 1670 2358 extraneis
1692 2317 1737 2358 in

169 2386 314 2441 capite
347 2386 496 2433 castri,
537 2389 581 2428 et
607 2387 661 2428 de
697 2386 810 2427 11110r
853 2386 1114 2428 hominibus
1159 2386 1374 2428 institutis
1415 2401 1495 2442 pro
1534 2387 1736 2430 custodia

170 2457 320 2500 castri.

230 2528 339 2570 Item
366 2529 481 2571 dixit
508 2530 628 2584 qnod
656 2529 765 2570 vidit
794 2528 1000 2570 homines
1028 2531 1268 2570 extraneos
1295 2533 1493 2571 armatos
1520 2529 1564 2570 in
1593 2529 1735 2584 capite

170 2599 319 2645 castri.
351 2603 394 2642 et
420 2601 541 2655 quod
570 2601 681 2642 vidit
714 2614 790 2641 eos
821 2600 1066 2641 venientes.

231 2671 340 2712 Item
362 2671 477 2713 dixit
497 2673 616 2727 quod
640 2672 853 2713 dominns
876 2671 1021 2713 (luido
1058 2672 1345 2726 postmodum
1372 2671 1514 2713 exivit
1534 2672 1588 2713 de
1619 2673 1735 2714 dicto

176 2744 338 2784 castro.

229 2813 289 2855 De
326 2813 633 2868 prohibicione
673 2814 902 2869 ingressus
941 2814 1175 2855 hominum
1215 2813 1493 2855 venientium
1522 2814 1575 2855 dc
1607 2817 1733 2855 nocte

168 2897 271 2927 cum
304 2884 469 2937 armis„
495 2885 609 2926 dixit
637 2885 756 2928 idem
795 2883 947 2941 [quod]
989 2886 1035 2926 P.
1076 2885 1130 2927 de
1172 2885 1423 2927 Maismona
1462 2889 1506 2927 et
1543 2886 1732 2927 eandem

174 2968 357 2998 causam
379 2955 587 2998 reddidit.
