2070 3486
1049 278 1308 320 —23‘2—

454 375 657 415 l‘retvren
687 387 767 427 ego
798 372 915 414 idem
946 373 1102 414 Petrus
1130 374 1365 421 (mutin-di,
1400 373 1581 414 nomine
1613 373 1962 428 permutacionis

394 449 431 485 el
475 444 685 485 vsi-amhn
716 443 1048 497 predictorum,
1093 445 1149 485 do
1178 448 1221 486 et
1247 446 1355 486 eodo
1387 458 1463 499 pro
1505 445 1835 498 pin-mutatione
1863 444 1958 487 sive

395 517 637 557 escambio.
665 516 707 556 in
728 514 878 556 franco
901 518 944 556 et
964 514 1105 557 libero
1126 516 1291 563 alodio,
1321 516 1447 556 vobis
1470 515 1654 556 domino
1681 515 1955 572 ltl'ernardo]⁹

399 586 703 639 magalonensi
732 586 964 640 episeopo,
999 589 1043 628 et
1074 587 1408 628 suecessorilms
1435 586 1608 633 vestris,
1647 587 1799 628 omnia
1828 586 1961 629 infra-

397 658 561 712 scripla
593 657 776 704 usatica,
807 657 1009 698 dominia.
1043 659 1087 698 et
1116 658 1331 699 laudimia
1360 658 1401 698 in
1432 657 1678 698 honoribus
1706 660 1750 699 et
1782 671 1962 712 posses—

395 730 598 770 sionibus
626 728 947 783 inlraseriptis;
978 742 1065 784 que
1096 729 1263 770 usatica
1292 732 1395 770 sunt
1427 728 1607 781 triginta
1641 728 1773 769 solidi
1801 731 1845 769 et
1874 731 1962 770 tres

398 800 567 842 denarii
594 799 914 852 melgorienses
943 800 1191 841 censuales.

455 873 514 913 De
546 871 711 926 quihus
738 872 891 917 donat,
923 873 967 912 et
992 871 1227 913 annuatim
1256 872 1361 912 dare
1396 871 1544 913 dehet.
1581 871 1706 925 llugo
1735 870 1962 926 Crespitor

392 945 545 985 decem
575 945 617 984 et
638 945 736 984 oeto
758 942 966 983 denarios
995 956 1074 997 pro
1103 943 1299 997 quadam
1324 942 1447 997 peeia
1480 941 1687 996 planlerii
1709 955 1797 996 que
1819 944 1887 984 est
1916 942 1957 983 in

396 1014 602 1056 terminio
630 1014 684 1054 de
711 1013 1048 1065 Montgineiras,
1084 1015 1127 1054 et
1161 1012 1471 1054 eonl'rontatur
1502 1025 1602 1054 eum
1640 1013 1810 1054 honore
1843 1003 1963 1054 Petri

397 1084 620 1127 Riehardi.

453 1156 563 1197 Item
603 1156 857 1196 Bernardus
890 1155 944 1195 de
979 1155 1204 1201 Porsano‚
1240 1168 1319 1209 pro
1363 1155 1559 1209 quadani
1597 1154 1721 1209 peeia
1758 1154 1958 1202 honoris,

394 1227 539 1282 campi
563 1226 729 1268 scilieet
755 1229 798 1268 et
821 1226 964 1273 vinee,
987 1240 1074 1281 que
1103 1229 1170 1267 est
1197 1226 1241 1266 in
1264 1227 1422 1267 eodem
1448 1225 1671 1274 terminio,
1698 1229 1742 1268 et
1760 1225 1963 1281 jungitur

397 1311 499 1340 cum
529 1298 697 1339 honore
726 1297 831 1339 dieti
856 1297 1057 1351 Hugonis
1081 1296 1367 1352 Crespiloris.

452 1370 562 1411 Item
583 1368 807 1415 Cabreria,
835 1371 934 1409 octo
961 1368 1171 1409 denarios
1192 1382 1272 1422 pro
1294 1369 1492 1423 quadam
1525 1368 1650 1423 peeia
1681 1371 1794 1410 terre
1822 1381 1960 1423 quam

392 1440 594 1496 possidet
621 1439 665 1480 in
687 1440 847 1481 eodem
872 1439 1093 1485 terminio,
1120 1442 1164 1481 et
1184 1439 1494 1481 confrontatur
1515 1452 1616 1481 rum
1641 1440 1810 1481 honore
1835 1440 1879 1481 Β.
1905 1440 1959 1482 de

397 1514 612 1554 Porsano.

454 1584 565 1625 Item
599 1583 840 1625 Gniraldus
869 1582 1060 1630 Alberti,
1096 1582 1331 1624 tresdecim
1362 1582 1571 1624 denarios
1604 1585 1648 1624 et
1674 1582 1857 1624 obolum
1881 1596 1961 1638 pro

396 1656 593 1710 quadam
632 1655 759 1709 peeia
795 1654 994 1702 honoris,
1037 1654 1183 1709 campi
1224 1654 1390 1696 scilieet
1429 1657 1472 1696 et
1511 1654 1664 1701 vinee,
1696 1667 1783 1709 que
1822 1653 1962 1696 estin

396 1728 555 1769 eodem
577 1726 787 1768 terminio
815 1727 869 1768 de
892 1726 1229 1780 Montgineiras.
1255 1739 1393 1780 quam
1422 1726 1516 1780 ipse
1547 1726 1760 1780 possidet,
1792 1729 1836 1767 et
1861 1725 1963 1781 jun-

395 1798 515 1852 gitur
539 1811 640 1839 eum
670 1798 869 1852 predicto
890 1798 1060 1839 honore
1089 1796 1187 1838 d'en
1216 1797 1484 1839 Gabrielras.

454 1870 564 1911 Item
595 1870 750 1910 Petrus
785 1868 994 1916 Michael,
1031 1871 1225 1924 quatuor
1255 1868 1464 1910 denarios
1499 1882 1578 1923 pro
1609 1869 1806 1923 quadam
1836 1868 1963 1924 peeia

396 1941 603 1996 planterii
631 1954 768 1995 quam
804 1940 1006 1995 possidet
1032 1940 1077 1981 in
1105 1941 1264 1982 eodem
1295 1939 1524 1987 terminio,
1557 1944 1600 1982 et
1630 1939 1832 1995 jungitur
1859 1953 1960 1981 eum

397 2014 565 2055 honore
595 2012 781 2067 predicti
804 2012 1005 2054 Guiraldi
1029 2012 1217 2054 Alberti.

457 2085 565 2125 Item
611 2084 868 2139 Stephanus
908 2083 1121 2131 Miehael,
1158 2086 1353 2138 quatuor
1389 2083 1597 2125 denarios
1638 2096 1718 2137 pro
1762 2083 1960 2138 quadam

398 2156 524 2211 peeia
551 2155 758 2211 planterii
786 2168 923 2210 quam
951 2155 1152 2210 possidet
1178 2155 1223 2196 in
1251 2156 1411 2196 eodem
1433 2154 1658 2202 terminio,
1690 2158 1735 2197 et
1758 2154 1962 2211 jungitur

398 2241 500 2269 enm
523 2227 742 2282 planterio
764 2227 869 2269 dieti
893 2227 1008 2269 Petri
1032 2226 1278 2269 Michaelis.

457 2299 565 2340 Item
590 2299 853 2344 'rimandus
878 2298 1115 2340 duodecim
1138 2298 1347 2339 denarios
1375 2312 1456 2353 pro
1486 2311 1574 2340 una
1601 2298 1727 2353 peeia
1753 2298 1964 2353 planterii

397 2384 533 2426 quam
573 2371 772 2425 possidet
799 2371 841 2411 in
871 2371 1029 2412 eodem
1060 2370 1283 2417 terminio,
1315 2373 1359 2411 et
1384 2370 1588 2425 jungitur
1607 2383 1710 2411 eum
1738 2370 1981 2425 planterio⁴

402 2442 549 2483 l‘oneii
578 2441 776 2495 Augerii.

456 2512 567 2554 Item
598 2512 789 2553 Poneius
811 2512 1008 2565 Augerii,
1036 2513 1150 2553 duos
1173 2512 1341 2553 solidos
1366 2526 1444 2566 pro
1466 2512 1664 2567 quadam
1685 2511 1809 2567 peeia
1830 2512 1960 2554 vinee

398 2598 534 2639 quam
564 2584 765 2638 possidet
792 2583 835 2624 in
865 2584 1022 2625 eodem
1057 2584 1280 2631 terminio,
1312 2587 1355 2625 et
1380 2584 1583 2638 jungitur
1609 2596 1711 2626 eum
1741 2583 1960 2638 planterio

400 2656 504 2697 dieti
533 2655 741 2697 Titbaldi.

460 2728 568 2769 Item
606 2727 761 2768 Petrus
798 2727 1076 2785 Manem-ria,
1117 2741 1197 2769 sex
1242 2727 1451 2769 denarios
1493 2741 1572 2782 pro
1612 2728 1809 2782 quadam
1839 2727 1964 2782 peeia

399 2799 605 2853 planterii
629 2811 765 2852 qnam
796 2798 998 2853 possidet
1026 2798 1068 2839 in
1098 2800 1256 2840 eodem
1287 2798 1508 2847 terminio,
1548 2801 1592 2840 et
1625 2799 1826 2854 jungitur
1861 2811 1963 2840 eum

399 2870 566 2911 honore
591 2869 741 2911 Poneii
764 2869 960 2921 Augerii.
1762 2856 1766 2859 ’

455 2941 563 2982 Item
594 2941 823 2982 Johannes
860 2941 913 2982 de
944 2941 1087 2996 Ypra,
1125 2942 1279 2984 decem
1306 2944 1351 2983 et
1379 2944 1477 2983 oeto
1506 2941 1714 2984 denarios
1741 2954 1822 2996 pro
1850 2954 1961 2996 qua-
