2070 3486
765 356 1025 398 —803—

114 449 443 496 Bonsenhoris,
487 449 753 500 Bai-tolomei
792 451 923 492 fluidi
962 454 1001 492 et
1043 452 1355 495 Bonaventure
1392 453 1671 498 Bernardini.

111 520 278 562 civium
306 523 356 562 et
395 523 693 562 mercatorum
731 521 1016 566 Seniensium,
1060 523 1302 565 familiares
1339 527 1378 566 el
1417 538 1675 579 campsores

112 591 283 633 domini
308 592 424 646 l'ape
448 591 690 634 Alexandri
715 592 877 647 quarti.
912 594 1161 647 recepimus
1189 594 1330 649 ipsius
1356 596 1526 636 dommi
1559 597 1674 651 l’ape

112 662 298 711 litteras,
328 666 370 705 et
395 662 515 718 ipsas
538 663 665 704 vobis
687 663 871 703 domino
892 663 1132 706 Guillelmo
1160 665 1438 708 Clxristofori.
1464 667 1675 722 episcopo

111 733 434 790 Magalonensi‚
460 734 529 775 eui
552 734 740 775 heodem
765 733 909 776 littere
932 735 1200 786 diriguntur,
1233 737 1530 782 ostendimus,
1557 740 1595 779 et
1620 739 1674 779 de

113 805 250 848 verbo
271 806 328 848 ad
352 806 541 847 verbum
565 805 648 861 legi
672 804 858 847 fecimus
881 809 924 848 et
945 805 1172 851 distinete:
1208 821 1400 862 quarum
1426 808 1674 851 litterarum

113 878 244 919 tenor
269 875 371 919 talis
393 879 476 918 est.

170 947 429 990 Alexander
461 947 724 1003 episcopus.
758 962 916 990 servus
950 962 1185 991 servorum
1220 951 1352 991 Dei...
1389 950 1522 1002 (edile
1561 951 1675 993 dans

111 1017 324 1062 Bullaire
343 1018 398 1061 de
425 1008 618 1076 l'quise
644 1019 698 1061 de
723 1018 1009 1076 ,llaqzcelonen
1050 1019 1088 1060 T.
1124 1020 1184 1066 Il,
1215 1036 1262 1077 p.
1294 1023 1420 1075 ·‘›'.3.‘)).

170 1091 259 1133 Nos
281 1090 417 1146 igitur
447 1090 631 1147 predicti
660 1091 854 1133 Jacobus
882 1094 925 1132 et
953 1091 1166 1136 ventura.
1199 1092 1318 1134 cives
1341 1096 1381 1134 et
1406 1097 1676 1136 mercatores

113 1161 353 1210 Senenses,
366 1196 373 1203 .
385 1196 412 1203 ..
430 1162 793 1217 recognoscimus
809 1162 1153 1209 vol]is,(lo1uino
1171 1164 1382 1218 episcopo
1399 1165 1671 1219 supradicto,

111 1235 233 1289 quod
263 1247 343 1276 vos
370 1234 522 1281 nobis,
562 1233 746 1288 predicti
775 1233 1041 1276 auctoritate
1069 1235 1285 1278 mandati.
1311 1235 1405 1277 sine
1429 1236 1674 1279 dificultate

109 1318 161 1348 ac
181 1304 486 1347 diminucione
519 1305 694 1360 aliqua,
735 1305 938 1359 legaliter
971 1305 1275 1360 persolvistis,
1312 1310 1355 1348 et
1378 1321 1457 1348 nos
1479 1320 1505 1348 a
1528 1307 1671 1351 vobis.

111 1376 314 1432 ejusdem
354 1376 505 1431 vigore
538 1375 755 1422 mandati,
784 1375 1050 1431 recepimus,
1077 1376 1237 1431 prelati
1261 1378 1429 1419 domiui
1459 1379 1576 1433 l‘ape
1599 1393 1674 1420 no-

112 1447 232 1490 mine
252 1450 298 1490 et
320 1448 549 1498 mandato,
574 1450 709 1502 atque
738 1447 997 1493 habuimus,
1021 1447 1116 1489 sine
1145 1448 1297 1502 aliquo
1325 1462 1472 1490 errore
1501 1449 1672 1501 calculi,

110 1518 323 1575 ponderis
336 1518 417 1561 -vel
441 1518 623 1569 valoris,
650 1517 872 1574 predictas
894 1519 1194 1573 quadraginta
1217 1533 1389 1561 marcas
1411 1521 1599 1574 argenti,
1634 1521 1676 1562 in

110 1589 276 1646 quibus
298 1590 497 1632 Romane
519 1589 728 1635 Ecclesie,
746 1589 923 1631 racione
941 1589 1182 1631 comitatus
1204 1590 1405 1645 Melgorii
1430 1595 1470 1633 et
1494 1592 1676 1633 Montis-

111 1660 323 1710 ferfflndi,
342 1674 503 1704 census
527 1661 724 1703 nomine.
745 1660 1021 1703 tenebamini
1039 1676 1119 1716 pro
1141 1662 1319 1703 duobus
1341 1662 1485 1705 annis.
1512 1663 1677 1705 seilicet

108 1747 190 1789 pro
217 1746 337 1775 anno
366 1732 575 1788 proximo
600 1732 810 1787 preterito
837 1735 879 1773 et
904 1732 1116 1787 presenti.
1142 1733 1351 1775 videlieet
1370 1748 1450 1788 pro
1475 1733 1674 1788 ipsorum

108 1804 312 1860 quolibet
337 1804 382 1846 in
417 1804 591 1857 viginti.
636 1803 697 1845 De
729 1803 895 1859 quibus
917 1804 1214 1859 quadraginta
1244 1805 1437 1847 marchis
1468 1819 1548 1846 uos
1578 1821 1678 1860 pae-

108 1878 232 1919 catos
257 1876 479 1918 habemus
507 1878 551 1917 et
579 1878 801 1921 tenemus,
825 1875 1140 1917 renunciantes
1169 1876 1211 1916 in
1235 1876 1298 1917 eis
1321 1890 1534 1931 expresse
1557 1880 1597 1919 et
1621 1892 1677 1919 ex

108 1950 226 1990 certa
249 1946 435 1990 scientia
457 1946 711 2002 exceptioni
741 1960 831 1988 non
855 1950 1088 1988 numerate
1115 1947 1304 2002 pecunie
1327 1951 1371 1989 et
1394 1962 1479 1989 non
1504 1948 1673 1992 solute:

109 2022 153 2062 et
173 2018 274 2061 ideo
296 2032 378 2061 vos
399 2021 443 2061 et
461 2031 742 2060 successores
763 2020 953 2065 vestros,
982 2031 1067 2065 res,
1095 2019 1228 2066 bona,
1255 2021 1297 2061 et
1322 2019 1423 2075 jura
1446 2022 1608 2066 vestra,
1635 2022 1677 2061 et

109 2090 365 2146 specialiter
390 2089 560 2132 dictum
588 2089 871 2138 comitatum,
897 2092 1119 2144 quantum
1147 2091 1203 2132 ad
1231 2090 1373 2132 dictas
1401 2091 1607 2133 marchas
1635 2094 1675 2133 et

109 2163 257 2218 quoad
280 2174 333 2204 ea
353 2161 397 2203 in
419 2161 601 2216 quibus,
629 2161 828 2216 ipsarum
852 2160 1023 2203 ratione
1048 2161 1349 2204 marcharum.
1383 2162 1672 2205 tenebamini.

108 2232 294 2289 predicti
334 2232 505 2274 domini
543 2233 659 2287 Pape
689 2232 888 2278 nominc,
919 2232 1201 2274 absolvimus
1233 2235 1274 2274 et
1298 2233 1578 2288 quittamus:
1613 2248 1676 2276 re-

107 2303 375 2347 nunciantes
393 2303 517 2346 omui
533 2303 720 2345 omnino
737 2302 923 2350 accioni,
948 2303 1228 2358 petitioni‚...
1256 2304 1421 2359 quibus
1439 2318 1676 2359 possemus

107 2375 153 2418 in
182 2375 334 2431 aliquo
361 2374 562 2417 obviare.

164 2446 219 2489 Et
244 2446 289 2488 in
323 2445 503 2501 signum
535 2445 738 2501 ejusdem
767 2445 1010 2487 solucionis
1047 2445 1174 2489 facte.
1209 2446 1528 2495 absolucionis,
1561 2447 1675 2502 quit-

108 2517 295 2561 tacionis
310 2520 354 2560 et
372 2517 744 2560 renunciacionis.
766 2516 886 2572 ipsas
903 2517 1143 2571 originales
1160 2517 1331 2560 litteras
1347 2518 1675 2574 suin-ascriptas

109 2589 253 2638 vobis,
277 2589 464 2632 domino
485 2589 696 2644 episcopo
718 2588 992 2643 supradicto,
1020 2590 1291 2631 manualiter
1311 2590 1527 2631 duximus
1550 2590 1676 2631 cxlii-

107 2661 306 2713 bendas;
343 2673 536 2715 quarum
573 2662 724 2702 tenore
753 2673 850 2707 vos,
883 2660 1013 2701 nobis
1045 2660 1210 2702 dictam
1240 2661 1477 2716 pecuniam
1508 2661 1676 2716 persol-

107 2734 307 2779 ventem,
331 2731 389 2774 ab
417 2730 503 2773 illis
524 2730 807 2787 prestacione
828 2731 917 2772 alia
943 2731 1157 2773 dominus
1187 2733 1307 2787 l‘apa
1335 2732 1500 2779 reddit;
1527 2735 1569 2773 et
1591 2746 1672 2773 nos

105 2803 287 2859 pariter,
323 2802 467 2858 ipsius
503 2802 700 2849 nomine,
736 2814 838 2844 cum
870 2801 962 2857 jam
992 2802 1122 2844 nobis
1159 2816 1185 2845 a
1219 2802 1348 2844 vobis
1386 2803 1439 2844 sit
1476 2802 1672 2857 plenarie

105 2873 411 2919 satisfactum,
451 2888 530 2915 nec
569 2873 731 2914 exinde
774 2876 1004 2915 remaneat
1055 2873 1225 2929 aliquid
1267 2875 1322 2915 ad
1382 2874 1670 2917 solvendum.

108 2945 340 2988 reddimus
360 2944 638 2987 absolutum.

168 3016 278 3059 Acta
296 3015 482 3059 fuerunt
501 3016 582 3059 hec
602 3017 724 3072 apud
745 3016 1261 3073 Montempessulanum,
1296 3030 1414 3059 anno
1444 3015 1672 3058 Dominice
