2070 3486
1071 329 1122 332 —
1159 301 1242 344 718
1278 328 1327 333 —

417 401 728 456 jui·isili‹·‹·i‹uit¹
753 399 971 454 predii-[113
998 398 1049 439 si.
1078 398 1119 438 iu
1143 397 1260 439 ‹lieio
1285 411 1442 438 manso
1467 398 1534 439 vel
1560 398 1600 439 in
1625 398 1724 440 aliis
1754 400 1979 454 predictis,

421 488 499 513 nos
531 472 594 512 vel
626 485 906 511 suri-essoris
937 469 1073 510 nostri
1106 468 1274 523 aliquid
1306 469 1527 510 habemus
1559 470 1624 511 vel
1660 470 1739 511 visi
1776 484 1980 513 essemus

419 544 597 585 liulwre,
625 542 662 582 i‹l
691 544 849 587 tolum,
875 540 970 581 siue
993 540 1115 581 omni
1140 539 1392 581 reteucione
1415 543 1459 581 et
1482 540 1669 582 servicio
1693 540 1768 598 [et]
1787 542 1974 591 usatico,

418 614 458 654 iu
490 614 678 654 salutem
713 615 755 653 et
785 610 1145 665 redempciouem
1181 610 1436 652 animarum
1474 614 1745 658 nostrarum,
1778 613 1907 655 vobis
1935 616 1999 665 et,

416 684 569 726 ‹lomui
592 684 705 724 ‹licte
733 681 1006 723 conferimus
1026 681 1359 736 imperpetuum
1383 684 1427 722 et
1453 683 1693 724 donamus.

474 756 580 796 Acta
602 757 706 795 suut
722 754 800 794 he(-
820 753 973 794 onmia
996 752 1252 806 supradicta
1267 755 1311 794 et
1329 752 1507 805 singula
1527 756 1572 795 et
1592 753 1834 807 recognita,
1853 768 1974 797 anuo

413 826 590 867 Domini
634 825 871 866 millesimo
911 824 1222 866 ducentesimo
1250 824 1629 879 quinquagesimo
1661 825 1817 873 tercio,
1851 825 1976 868 vide-

413 897 511 938 licet
534 897 666 937 terrio
695 897 795 937 iilus
821 896 1046 941 selu-uarii,
1080 895 1121 936 iu
1151 895 1384 950 presencia
1408 899 1451 937 et
1481 895 1739 937 testimonio
1773 897 1975 952 magistri

414 968 654 1010 Floreucii.
697 967 878 1008 rectoris
920 966 1103 1008 ecclesie
1145 967 1295 1008 Sancti
1333 967 1473 1013 ,lusti,
1517 967 1719 1020 magistri
1755 968 1974 1011 Johannis

411 1039 686 1084 Bruuenrlii,
722 1038 880 1079 notorii
915 1038 1084 1079 domiui
1121 1038 1452 1093 Mugaloneusis
1488 1038 1710 1094 episcopi,
1753 1039 1973 1083 Joliannis

410 1110 588 1151 Blauclii
621 1109 780 1164 prioris
818 1109 968 1151 Sancti
1009 1109 1212 1162 Georgii,
1250 1108 1425 1151 Fredoli
1460 1110 1514 1151 (16
1556 1110 1712 1165 Ruppe
1739 1111 1969 1153 castellani

409 1180 800 1225 Montisl'errandi,
845 1179 994 1222 l'oucii
1023 1180 1184 1235 prioris
1212 1181 1266 1221 de
1295 1180 1506 1228 Teirauo,
1544 1181 1758 1223 Bernardi
1791 1182 1847 1224 de
1875 1182 1970 1224 Lei—

407 1252 535 1293 rissio
558 1251 718 1306 prioris
752 1252 805 1293 (16
836 1251 1040 1293 Cornone
1076 1251 1217 1303 Sicco,
1260 1254 1304 1293 et
1332 1251 1419 1292 mei
1442 1251 1630 1293 Duranti
1651 1253 1706 1294 de
1733 1252 1964 1308 Melgorio,

404 1323 569 1377 publici
607 1323 1005 1378 Montispessulaui
1048 1323 1226 1370 notarii,
1264 1323 1363 1378 qui,
1414 1323 1628 1365 mandato
1672 1326 1715 1365 et
1760 1324 1968 1379 precibus

406 1394 638 1449 utriusque
667 1394 822 1449 partis,
854 1395 936 1436 hec
963 1394 1115 1435 omnia
1138 1394 1310 1449 scripsi.

460 1538 586 1579 Item.
613 1537 711 1592 ipsa
734 1538 891 1579 eadem
915 1537 1002 1585 (lie,
1027 1536 1186 1579 fratres
1205 1538 1367 1579 «lomus
1393 1538 1544 1579 Sancti
1561 1537 1756 1593 Spiritus
1776 1537 1965 1581 inferius

402 1608 636 1659 nominati,
668 1609 711 1650 iu
740 1608 936 1664 capitulo
983 1609 1252 1656 existentes,
1293 1608 1500 1651 videlicet
1540 1609 1676 1651 frater
1706 1609 1960 1665 Rotgerius,

403 1680 537 1722 irater
564 1682 657 1727 Rus,
686 1680 822 1722 irater
850 1681 977 1722 Mons
1006 1680 1204 1735 Regalis,
1236 1679 1373 1722 frater
1410 1681 1456 1721 1).
1497 1681 1551 1722 de
1590 1681 1746 1729 Roma,
1780 1680 1964 1723 Guillel-

402 1765 501 1792 mus
522 1752 709 1798 Crosati,
741 1751 1009 1793 Guillelmus
1029 1752 1082 1793 (16
1105 1751 1310 1800 Castriis,
1338 1751 1498 1793 Vitalis
1526 1752 1580 1793 de
1602 1751 1749 1800 Albio,
1776 1753 1822 1793 P.
1854 1752 1963 1794 Gas-
2020 1762 2023 1763 ’

398 1822 483 1869 clii,
511 1823 646 1864 [later
666 1822 911 1869 Gitbertus,
940 1822 1075 1864 frater
1091 1823 1321 1865 Johauues
1344 1823 1541 1877 Augerii,
1581 1823 1629 1864 B.
1659 1823 1957 1871 leerdensis,

397 1893 664 1935 Guillelmus
706 1894 929 1948 Agulloni,
972 1895 1018 1935 P.
1063 1895 1117 1936 de
1167 1895 1372 1939 Barasco,
1404 1893 1543 1936 frater
1586 1893 1786 1948 Egidius,
1824 1893 1962 1936 frater

397 1965 571 2006 Brunus
594 1968 638 2007 et
665 1965 800 2007 frater
827 1965 955 2012 Gido,
982 1965 1106 2021 prius
1127 1966 1184 2007 ab
1213 1965 1383 2007 eisdem
1409 1969 1561 2007 tenore
1579 1965 1716 2021 hujus
1738 1965 1960 2021 presentis

396 2039 437 2077 et
460 2036 625 2091 publici
647 2037 936 2079 instrumenti
965 2037 1230 2091 diligencius
1251 2037 1492 2085 intellecto,
1518 2037 1562 2078 in
1591 2036 1716 2078 nullo
1739 2039 1955 2085 errantes,

397 2109 473 2149 sed
497 2109 551 2149 de
580 2108 695 2150 facto
723 2109 829 2150 certi
858 2111 902 2150 et
922 2110 976 2151 de
996 2109 1093 2164 jure
1132 2108 1325 2151 consulti
1362 2108 1623 2164 plenissime
1662 2111 1706 2151 et
1732 2108 1954 2157 instructi,

396 2182 754 2233 recognoverunt
778 2179 973 2222 Johanni
995 2180 1207 2228 Blancho,
1248 2179 1386 2235 priori
1419 2179 1570 2222 Sancti
1597 2179 1792 2235 Georgii,
1816 2179 1958 2235 stipu-

393 2250 502 2292 lanti
539 2254 582 2293 et
618 2251 849 2306 recipienti
884 2265 966 2306 pro
1000 2251 1184 2293 domiuo
1212 2251 1424 2307 episcopo
1462 2251 1787 2306 Magalonensi,
1829 2251 1957 2308 cnjus

392 2322 627 2376 negocium
656 2322 768 2377 gerit
794 2322 964 2365 utiliter
984 2323 1029 2364 in
1055 2323 1140 2365 hac
1159 2326 1301 2378 parte,
1326 2322 1686 2378 recognicionem
1707 2322 1956 2379 predictam

390 2406 415 2434 a
443 2393 559 2434 (licto
588 2396 849 2449 preceptore
882 2393 977 2436 fore
1005 2393 1169 2436 factam
1197 2394 1431 2436 voluntate
1465 2394 1730 2436 eorumdem
1765 2393 1956 2436 fratrum

388 2467 431 2505 et
457 2477 676 2516 assensu3
713 2468 757 2507 et
785 2465 939 2507 omnia
966 2468 1010 2507 et
1047 2465 1238 2521 singula,
1279 2466 1325 2507 in
1353 2478 1406 2508 ea
1436 2468 1662 2513 contenta,
1694 2478 1793 2508 esse
1828 2478 1952 2513 vera,

387 2535 531 2589 ipsam
572 2537 763 2578 eandem
812 2537 1166 2592 reeognicionem
1215 2537 1479 2587 laudantes,
1524 2540 1568 2579 et
1607 2536 1748 2579 eciam
1792 2550 1956 2592 appro-

390 2606 561 2648 bantes.

445 2678 556 2719 Huic
582 2679 922 2733 approbacioni,
949 2693 974 2721 a
1001 2679 1129 2722 dictis
1159 2680 1371 2722 iratribus
1394 2679 1522 2728 facte,
1550 2682 1686 2722 testes
1707 2678 1953 2722 adfuerunt

387 2748 602 2791 Fredolus
644 2750 699 2791 (16
740 2751 920 2805 Ruppe,
963 2751 1188 2806 Turpiuus
1233 2753 1287 2793 ‹le
1337 2751 1552 2806 Anglada,
1600 2751 1856 2793 Bernardus
1894 2750 1949 2792 de

387 2820 540 2869 ζεῖν-ῖς,
562 2823 606 2862 et
623 2821 807 2876 quidam
825 2821 915 2870 alii,
933 2825 976 2864 et
996 2822 1142 2864 dictus
1164 2823 1313 2864 Duran
1323 2826 1392 2864 tus
1413 2824 1468 2864 (16
1483 2822 1715 2877 Melgorio,
1743 2815 1949 2877 publicus

384 2892 784 2946 Montispessulani
810 2893 1029 2941 notarius,
1061 2894 1153 2949 qui,
1187 2898 1368 2949 rogatus
1399 2897 1489 2936 tam
1518 2907 1544 2936 a
1577 2893 1706 2935 dictis
1735 2892 1949 2935 fratribus

382 2975 516 3018 quam
540 2976 565 3004 a
587 2963 705 3005 dicto
731 2963 935 3006 Johanne
965 2964 1162 3007 Blancho
1190 2979 1271 3021 pro
1292 2965 1476 3007 domino
1498 2964 1808 3020 Magalonensi
1829 2963 1946 3020 epis·
2011 2971 2035 2998 s
