2070 3486
1070 301 1122 306 —-
1157 275 1242 318 (516
1277 302 1329 306 —

422 370 708 426 pertinenciis
737 373 775 411 cl
815 369 1075 424 ajat-cuciis.
1111 373 1151 411 ct
1192 384 1278 425 quc
1313 370 1377 411 cis
1413 370 1633 425 pertinere
1675 375 1865 426 possunt
1902 375 1980 414 aut

419 443 610 485 dehent:
643 456 729 495 qne
759 441 912 482 omnia
953 444 1059 482 sunt
1093 441 1136 482 in
1168 442 1401 496 parrochia
1436 451 1518 484 sen
1547 441 1789 484 deciman-ia
1818 445 1978 485 sancte

421 514 554 554 Mai-ie
577 514 630 554 dc
653 512 832 553 ovorio.
861 512 901 552 in
926 512 1092 567 quihus
1110 512 1322 554 omnihus
1346 515 1390 554 tu
1420 513 1559 554 habes
1585 513 1720 555 aliani
1743 513 1977 556 dimidiam

419 598 497 639 pro
529 584 733 625 indiviso.

478 655 529 696 Et
564 654 708 696 (lictus
743 657 867 695 ortus
907 654 1218 696 confrontatur
1258 668 1315 697 ex
1356 668 1444 696 una
1488 658 1612 709 parte
1652 668 1752 696 cum
1791 655 1976 699 flumine

417 725 659 772 salai-onis,
692 728 813 766 etex
842 725 929 766 alia
956 739 1057 767 cum
1087 726 1257 768 honore
1279 727 1441 767 domus
1470 726 1632 767 Sancte
1659 726 1902 774 Trinitatis,
1934 731 1978 770 et

414 810 468 838 cx
497 797 585 838 alia
610 810 710 838 enm
743 796 812 837 via
842 810 932 851 qua
970 796 1058 837 itur
1097 797 1150 837 de
1182 796 1368 839 ecclesia
1401 799 1561 838 Sancte
1597 797 1780 850 Agnetis
1819 811 1976 840 versus

412 867 925 922 Monlcmprssnlanum.

472 938 642 980 Dictum
675 952 779 979 vcro
809 938 1119 980 molcinlininn
1156 938 1468 980 ronlrontatur
1501 952 1556 979 cx
1597 952 1687 980 una
1720 942 1845 994 parte
1872 952 1974 982 cum

410 1010 527 1051 dicto
550 1013 663 1056 orto,
690 1013 733 1051 ct
754 1024 808 1050 ex
831 1010 918 1051 alia
947 1024 1047 1051 cnm
1078 1014 1205 1065 prato
1234 1012 1397 1052 domus
1419 1010 1688 1065 supradicte,
1718 1010 1903 1053 flumine
1930 1011 1975 1053 in

411 1081 576 1123 medio.

467 1152 519 1194 Et
545 1152 689 1194 dictus
727 1152 938 1194 heremus
973 1152 1285 1194 conl‘rontatur
1319 1167 1375 1194 ex
1408 1144 1503 1194 'una
1543 1156 1667 1207 parte
1704 1166 1805 1195 cum
1846 1156 1974 1208 prato

408 1223 522 1265 dicte
566 1224 728 1264 domus
777 1226 937 1265 Sancte
977 1224 1232 1269 Trinitatis,
1274 1225 1391 1265 dicto
1435 1224 1620 1265 flumine
1661 1223 1890 1266 salaronis
1929 1224 1974 1266 in

407 1295 582 1339 medio,
615 1298 657 1336 et
683 1308 740 1336 ex
768 1295 856 1336 alia
883 1308 983 1336 cum
1025 1294 1143 1337 dicto
1170 1299 1289 1343 orto,
1322 1309 1378 1336 cx
1406 1294 1492 1336 alia
1521 1308 1622 1336 cum
1651 1295 1821 1337 honore
1857 1295 1973 1338 dicte

405 1367 582 1413 doinus,
609 1368 652 1407 et
679 1380 735 1407 ex
755 1366 843 1407 alia
865 1379 965 1407 cum
997 1366 1166 1407 honore
1192 1366 1427 1421 hospitalis
1455 1367 1508 1408 do
1533 1366 1761 1408 Salarone.

466 1437 517 1478 Et
545 1438 671 1479 trado
699 1440 743 1479 ct
770 1439 888 1479 dono
917 1437 1056 1479 eciam
1084 1438 1280 1493 amplius
1313 1437 1391 1479 tihi
1423 1438 1475 1478 x'l
1504 1437 1640 1479 libras
1674 1440 1717 1479 ct
1738 1437 1971 1480 dimidiam

407 1508 726 1563 mclgorienses
750 1508 793 1550 in
816 1509 1033 1564 peccunia
1053 1512 1302 1557 numerata,
1324 1510 1377 1550 dc
1397 1509 1563 1564 quibus
1585 1522 1723 1563 penes
1746 1522 1816 1551 mc
1838 1509 1971 1552 nichil

406 1579 621 1621 remansit
641 1581 697 1621 ad
727 1580 1013 1622 solvendum.

466 1651 707 1692 Sciendum
731 1652 851 1706 quod
886 1654 931 1693 tu
952 1652 1180 1707 predictus
1217 1652 1473 1706 Stephanus
1508 1651 1806 1706 Blanquerius
1834 1654 1878 1694 et
1908 1651 1972 1693 tui

404 1721 582 1769 dabitis,
617 1736 698 1777 pro
729 1725 820 1764 toto
851 1723 968 1777 dicto
997 1726 1095 1765 orto
1124 1726 1168 1764 et
1195 1737 1275 1777 pro
1311 1726 1404 1764 toto
1427 1723 1544 1765 dicto
1572 1722 1848 1770 molendino,
1872 1735 1972 1778 pre-

404 1791 492 1834 fate
535 1792 690 1835 domui
729 1793 958 1836 Trinitatis
996 1797 1039 1836 et
1074 1794 1280 1836 ministro
1325 1793 1554 1848 ejusdem,
1598 1793 1681 1835 site
1714 1793 1760 1834 in
1799 1793 1971 1836 Monte-

403 1864 659 1919 pessulano,
686 1865 922 1907 annuatim
945 1865 990 1906 in
1014 1865 1127 1907 testo
1157 1865 1299 1907 sancti
1319 1865 1548 1907 Michaelis
1570 1864 1771 1920 quinque
1800 1864 1969 1907 solidos

402 1934 723 1989 melgorienses
755 1939 959 1988 tantum,
998 1936 1178 1978 nomine
1212 1936 1369 1978 usatici
1403 1939 1447 1979 et
1472 1949 1665 1983 census;
1697 1938 1740 1978 et
1767 1949 1847 1991 pro
1874 1920 1969 1978 toto

401 2005 518 2047 dicto
556 2006 738 2048 heremo
784 2007 948 2049 dabitis
989 2011 1035 2049 tu
1076 2010 1120 2049 ct
1163 2007 1247 2054 tui,
1290 2007 1549 2053 annuatim,
1592 2006 1637 2048 in
1677 2006 1791 2048 festo
1827 2006 1970 2053 sancti

402 2076 612 2124 Micaelis,
645 2077 854 2133 hospitali
878 2079 932 2120 de
955 2079 1170 2121 Salarone
1191 2081 1235 2120 et
1256 2078 1506 2134 preceptori
1529 2077 1732 2133 ejusdem
1755 2077 1811 2119 VI
1832 2077 1968 2119 dena-

400 2147 488 2189 rios
518 2148 840 2203 melgorienses
868 2163 948 2205 pro
977 2149 1148 2192 usatico
1176 2153 1219 2192 et
1247 2163 1400 2191 censu.

458 2219 511 2261 Et
540 2233 622 2275 ego
651 2221 877 2276 predictus
915 2221 1174 2277 Stephanus
1219 2220 1540 2276 Blanquerius,
1578 2234 1658 2276 per
1697 2233 1768 2263 me
1805 2222 1849 2262 et
1887 2233 1967 2275 per

398 2304 579 2333 omnem
598 2305 744 2334 meam
765 2293 1076 2347 posteritatem
1094 2293 1170 2347 (1).
1194 2307 1250 2335 ex
1270 2306 1360 2335 una
1382 2295 1532 2348 parte;
1558 2295 1602 2334 et
1621 2305 1704 2347 ego
1723 2291 1965 2347 jamdictus

396 2361 663 2404 Guillehnus
692 2364 968 2412 Monnerius,
1001 2378 1081 2420 per
1105 2378 1175 2406 me
1205 2368 1249 2406 et
1267 2378 1345 2419 per
1367 2377 1525 2406 onmes
1555 2376 1696 2415 meos,
1722 2377 1778 2405 ex
1805 2362 1960 2412 altera,

396 2446 475 2488 per
497 2434 835 2489 stipulationem
863 2436 918 2477 ad
941 2436 1134 2478 invicem
1156 2436 1478 2491 promittimus,
1505 2436 1627 2491 quod
1647 2435 1763 2477 hanc
1784 2447 1964 2490 permu-

398 2505 636 2553 tationem,
674 2519 751 2548 seu
793 2507 1067 2555 scambium‚
1101 2511 1144 2549 et
1180 2508 1262 2549 hcc
1300 2507 1454 2549 omnia
1493 2506 1626 2549 firma
1652 2509 1887 2548 teneamus
1920 2507 1964 2548 et

397 2579 553 2618 contra
580 2590 812 2632 nunquam
836 2578 987 2633 aliquo
1010 2579 1107 2634 juro
1128 2579 1197 2620 vel
1220 2579 1397 2621 racione
1420 2578 1673 2626 veniamus,
1700 2580 1744 2619 et
1763 2577 1820 2619 ab
1838 2576 1963 2618 omni

398 2648 753 2690 contradiccione
785 2663 965 2704 semper
989 2650 1084 2705 jure
1114 2650 1305 2692 invicem
1337 2649 1679 2699 deflendemus3
1714 2651 1758 2712 et
1790 2648 1827 2690 si
1853 2647 1961 2703 quid

397 2717 499 2760 inde
539 2719 783 2774 aliquando
825 2720 956 2762 luerit
992 2721 1187 2763 evictum
1228 2722 1302 2762 nni
1332 2721 1445 2776 parti
1476 2723 1703 2763 nostrum,
1737 2720 1794 2762 ab
1820 2719 1961 2761 altera

439 2940 489 2985 (1)
518 2940 645 2976 Cart:
671 2943 912 2986 potestatim.
