2070 3486
798 307 850 311 —
884 282 938 323 07
973 307 1029 312 —

132 375 262 417 vobis
283 379 326 417 et
349 375 510 417 vestris
532 388 715 417 omnem
737 375 964 417 accionem
986 379 1031 418 et
1056 376 1127 431 jus
1156 377 1278 432 quod
1307 376 1437 418 nobis
1464 376 1693 431 competit,

132 446 202 488 vel
226 449 481 501 competere
511 449 673 501 potest,
700 447 772 488 vel
794 448 929 488 debet
949 448 1169 489 adversus
1191 447 1455 502 quemlibet,
1481 447 1557 502 qui
1580 447 1699 490 dicta

130 517 391 559 molendina
421 516 608 559 diruerit
642 517 711 559 vel
751 517 1051 565 destruxerim
1099 519 1177 559 sed
1221 521 1266 560 et
1304 518 1518 573 quicquid
1552 531 1608 560 ex
1645 531 1698 560 ea

130 588 438 630 destruccione
456 580 835 632 molendinorum,
857 589 926 630 vel
949 602 1005 631 ex
1028 589 1216 631 materia
1233 589 1395 631 edificii
1412 590 1692 637 eorumdem,

131 660 187 701 ad
209 673 291 700 vos
320 659 596 714 pervenerit.
625 659 693 701 vel
722 661 777 701 ad
807 659 946 701 alium
975 660 1240 714 quemlibet,
1269 660 1433 702 luerint
1453 661 1602 702 trabes
1627 661 1697 702 vel

70 761 73 764 -
131 732 308 785 postes,
333 729 628 778 chadalfachi,
655 730 732 785 qui
754 730 1027 785 superdicta
1051 731 1311 773 molendina
1338 732 1579 773 constructi
1604 731 1697 773 tue-

131 801 235 850 rint,
267 801 338 843 vel
365 801 487 843 aliud
516 801 752 856 quidlibet,
785 802 868 843 hoc
892 804 1035 844 totum
1066 802 1169 843 huic
1196 802 1446 844 venditioni
1467 803 1693 844 addimus.

189 872 359 914 Intuitu
394 873 522 928 cujus
556 873 858 922 venditionis,
894 876 938 915 et
974 876 1225 915 ceterorum
1254 887 1341 928 que
1370 874 1473 915 huic
1503 875 1697 929 predicte

131 943 386 986 vendicioni
420 943 653 991 addimus,
694 944 883 992 scimus,
916 948 959 987 et
992 945 1037 986 in
1068 945 1256 986 veritate
1290 944 1581 1000 profitemur,
1615 960 1697 988 nos

130 1014 345 1057 habuisse
372 1017 417 1057 et
443 1015 667 1071 recepisse
694 1029 720 1057 a
749 1016 878 1058 vobis
900 1050 907 1063 ‚
936 1016 1071 1071 precii
1099 1016 1310 1064 nomine,
1348 1016 1497 1058 CXXX
1528 1020 1571 1059 et
1597 1020 1697 1059 octo

130 1085 268 1129 libras
295 1086 635 1141 melgorienses,
661 1101 774 1142 quas
795 1087 841 1128 in
862 1088 992 1129 dictis
1015 1087 1286 1129 molendinis
1307 1088 1545 1130 habebatis
1569 1088 1697 1130 titulo

129 1157 352 1214 pignoris,
388 1161 433 1200 et
465 1158 539 1200 Vll
569 1158 693 1201 milia
738 1159 985 1201 solidorum
1021 1159 1412 1201 raimundensium
1452 1173 1692 1208 novorum,

130 1229 334 1272 valentes
361 1230 587 1284 octoginta
616 1233 789 1285 septem
827 1231 1034 1272 marchas
1068 1233 1112 1272 et
1139 1230 1374 1272 dimidiam
1396 1230 1567 1286 argenti
1594 1230 1693 1277 sini;

130 1313 244 1355 quas
262 1300 580 1356 peccuniarum
599 1301 891 1356 quantitates.
915 1302 971 1343 ita
991 1301 1036 1342 in
1055 1301 1239 1356 plenum
1256 1314 1281 1343 a
1301 1301 1431 1343 vobis
1454 1301 1697 1343 habuimus

130 1374 174 1414 et
194 1372 463 1427 recepimus,
495 1373 616 1427 quod
641 1372 773 1414 nichil
798 1371 888 1429 [ex]
921 1372 1007 1414 illis
1034 1386 1173 1427 penes
1195 1386 1277 1414 vos
1306 1373 1523 1415 remansit
1550 1373 1594 1414 in
1622 1374 1698 1415 de-

129 1442 275 1485 bitum
299 1443 368 1485 vel
390 1445 446 1486 ad
476 1444 770 1491 solvendum;
804 1444 846 1485 in
875 1444 1057 1499 quibus,
1084 1457 1141 1485 ex
1162 1446 1283 1486 certa
1305 1444 1510 1493 sciencia,
1537 1458 1698 1499 excep—

131 1513 239 1556 tioni
265 1528 353 1556 non
376 1518 610 1557 numerate
631 1515 844 1570 peccunie
866 1518 910 1557 et
931 1528 1019 1557 non
1044 1515 1178 1557 soluti
1200 1514 1339 1571 precii
1359 1515 1695 1571 imperpetuum

129 1599 210 1641 per
231 1599 312 1628 nos
334 1589 376 1628 et
398 1600 477 1641 per
496 1589 675 1628 nostros
697 1586 1034 1628 renunciamus.
1066 1587 1119 1628 Et
1142 1588 1263 1642 quod
1287 1585 1354 1644 [si]
1379 1587 1497 1629 dicta
1524 1587 1696 1629 molen—

129 1655 289 1698 dina...
331 1657 528 1712 amplius
562 1657 680 1700 dicto
715 1657 863 1712 precio
900 1658 1126 1705 valent...,
1158 1657 1268 1699 illud
1298 1661 1443 1700 totum
1486 1658 1615 1700 vobis
1655 1661 1698 1700 et

129 1727 292 1770 vestris
319 1729 694 1778 donamus,...,et
721 1743 802 1770 nos
835 1729 889 1771 de
927 1729 1141 1771 omnibus
1176 1729 1388 1784 predictis
1427 1732 1472 1772 et
1508 1729 1697 1784 singulis

132 1799 327 1842 venditis
363 1799 705 1848 disvestientes,
758 1814 838 1841 vos
891 1803 933 1841 et
971 1803 1146 1843 vestros
1185 1800 1372 1843 omnino
1406 1801 1693 1849 investimus,

129 1873 174 1912 et
194 1871 528 1926 promittimus,
563 1875 607 1914 et
634 1871 945 1913 convenimus.
963 1872 1093 1913 vobis
1121 1871 1468 1927 stipulantibus,
1501 1873 1695 1928 quisque

129 1944 333 1984 nostrum
357 1942 401 1984 in
423 1942 643 1990 solidum,
670 1956 749 1997 per
769 1956 851 1984 nos
879 1945 923 1985 et
951 1956 1030 1998 per
1050 1946 1229 1986 nostros
1252 1957 1548 1992 successores,
1576 1945 1697 2000 quod

131 2015 223 2055 tota
242 2014 557 2069 prenominata
575 2014 851 2061 molendina,
874 2027 976 2056 cum
996 2014 1209 2057 omnibus
1230 2028 1387 2057 eorum
1409 2016 1698 2071 pertinenciis

129 2087 174 2126 et
199 2084 492 2140 adjacenciis,
525 2099 605 2140 pro
634 2085 774 2127 libero
801 2085 951 2127 alodio
987 2085 1203 2128 faciemus
1230 2100 1312 2128 vos
1348 2089 1394 2128 et
1426 2090 1630 2135 vestros,
1656 2090 1700 2129 et

129 2169 440 2211 quoscumque
493 2152 753 2203 volueritis,
807 2170 986 2212 semper
1036 2157 1230 2205 habere,
1280 2160 1324 2199 et
1362 2158 1609 2213 possidere,
1655 2160 1699 2200 et

132 2229 282 2270 tenere
303 2227 469 2282 quiete,
503 2230 547 2270 et
580 2227 752 2269 fructus
783 2230 827 2269 et
854 2227 1055 2270 redditus
1084 2228 1187 2270 inde
1209 2232 1428 2271 exeuntes
1449 2229 1693 2285 percipere.

131 2299 214 2341 Pro
242 2298 468 2341 eviccione
499 2299 623 2341 totali
659 2313 737 2341 seu
773 2299 1087 2354 particulari...
1115 2313 1196 2341 nos
1219 2302 1262 2341 et
1283 2300 1437 2343 omnia
1465 2304 1693 2349 nostra...,

129 2369 321 2425 quisque
349 2369 393 2411 in
421 2370 640 2417 solidum,
667 2370 938 2424 generaliter
959 2370 1232 2425 obligantes;
1265 2374 1309 2413 et
1336 2371 1590 2426 specialiter
1617 2386 1699 2426 ego

130 2441 365 2496 Euglesius
393 2455 648 2496 regressum
676 2443 790 2483 dans
819 2455 956 2497 snper
983 2445 1124 2484 totam
1154 2442 1337 2485 terciam
1366 2446 1542 2498 partem
1576 2444 1698 2485 lesde

132 2511 267 2561 bladi,
286 2526 424 2568 quam
446 2513 592 2554 habeo
610 2513 731 2568 apud
747 2513 1042 2554 Nemausum.
1067 2513 1214 2569 Super
1232 2513 1398 2569 quibus
1421 2515 1695 2570 sumptibus,

131 2583 261 2626 vobis
275 2587 321 2626 ct
338 2584 517 2632 vestris,
537 2584 710 2639 absque
733 2587 1016 2626 sacramento
1037 2587 1081 2626 et
1103 2584 1193 2627 ullo
1212 2598 1376 2639 genere
1398 2586 1694 2641 probationis.

131 2658 175 2697 et
200 2655 383 2697 cuilibet
411 2658 614 2697 vestrum
646 2658 690 2697 et
720 2669 1030 2697 successorum
1062 2664 1333 2704 vestrorum,
1365 2658 1615 2699 credemus.
1647 2658 1699 2698 Et

131 2725 247 2768 facta
267 2740 294 2768 a
320 2726 451 2768 nobis
475 2726 812 2768 renunciatione
840 2726 989 2768 omnis
1013 2726 1126 2782 juris
1155 2727 1308 2782 scripti
1335 2730 1452 2776 et...;
1490 2730 1569 2770 sed
1600 2728 1699 2783 ipsa

131 2797 286 2840 omnia
313 2800 356 2839 et
392 2797 569 2851 singula
608 2797 737 2839 firma
774 2801 817 2840 et
856 2797 1029 2840 illibata
1065 2811 1246 2853 semper
1280 2799 1627 2841 observabimus
1657 2802 1700 2840 et

132 2871 284 2911 tenere
308 2868 538 2910 faciemus.
564 2869 634 2909 sic
656 2870 775 2910 Deus
799 2882 880 2909 nos
899 2869 1099 2924 adjuvet,
1122 2872 1166 2911 et
1186 2870 1268 2912 hec
1290 2873 1445 2912 sancta
1467 2871 1541 2912 Dei
1564 2884 1700 2911 evan-

131 2939 248 2995 gelia
265 2953 291 2982 a
310 2940 440 2982 nobis
463 2942 595 2982 tacta.
