2070 3486
1034 285 1083 289 —
1122 258 1201 299 :53¹
1241 284 1296 289 ——

382 354 675 396 constitutos,
718 353 949 394 ovi-usioni}
979 353 1245 394 xxxxiiii-ff
1280 353 1453 394 initium
1493 354 1739 396 solidorum
1781 356 1945 411 melgo-

381 425 610 466 riensium.
632 425 685 465 «ie
708 425 872 479 quibus
895 424 943 465 i'it
960 424 1132 465 mencio
1148 424 1189 465 in
1207 426 1404 479 quodam
1427 425 1726 467 instrumento
1744 427 1945 469 confecto

381 510 457 551 per
480 509 663 536 inunum
695 496 807 537 Petri
837 495 1040 536 Guitardi
1072 495 1247 539 notarii.
1274 496 1394 550 quod
1426 496 1593 551 incipit.
1623 500 1670 538 ut
1693 498 1942 551 predictum

378 570 464 615 est,
497 567 808 621 munifex-lum.
835 569 878 607 ct
908 566 1185 607 finiturante
1216 579 1379 607 nomen
1411 567 1587 611 notarii.
1623 566 1800 615 Lobeti:
1823 569 1944 611 etde

377 637 587 679 omnibus
617 637 715 678 aliis
747 637 908 678 debitis
950 637 993 677 in
1031 638 1189 678 eodem
1220 637 1521 679 instrumento
1550 639 1790 687 contentis,
1819 643 1863 682 et
1885 641 1943 682 de

375 708 525 749 debito
565 708 697 749 trium
734 708 905 749 milium
944 711 988 749 et
1014 708 1365 763 quingentorum
1395 709 1642 751 solidorum
1676 710 1942 763 melgorien-

375 779 508 822 sium,
528 782 738 821 contento
757 779 797 819 in
816 780 1013 834 quodam
1036 779 1336 821 instrumento
1353 779 1554 822 consecto
1573 781 1634 834 (ί)
1657 795 1734 835 per
1755 794 1939 823 inanum

378 851 585 891 ‚hiemari
637 852 866 905 quondum
918 850 1315 904 Montispessulani
1359 851 1517 892 notarii
1543 885 1550 897 ,
1587 853 1705 906 quod
1746 852 1903 907 incipit
1929 868 1937 899 2

376 921 522 961 seinte!
553 927 793 978 presentes.
820 925 863 962 et
887 920 1041 962 finitur
1061 924 1164 963 ante
1188 935 1352 962 nomen
1379 922 1560 963 notarii:
1597 922 1841 964 Bor-eadm.

428 992 535 1033 Item
575 995 864 1046 preceperunt
895 993 1015 1047 quod
1045 992 1142 1047 ipsa
1169 993 1354 1034 domina
1382 993 1564 1035 :hialaiz
1598 997 1643 1035 ct
1681 994 1805 1035 liberi
1841 994 1938 1049 ejus

370 1063 648 1106 renunciant.
674 1063 903 1118 gnirpiant
930 1066 973 1104 et
1000 1064 1180 1105 solvant
1209 1063 1543 1119 imperpetuum
1573 1065 1760 1106 ‹loniino
1790 1065 1937 1120 Maga-

368 1134 540 1175 lonensi
576 1134 813 1189 episcopo.
855 1135 1008 1176 comiti
1034 1135 1236 1189 Melgorii
1264 1139 1308 1176 et
1344 1135 1737 1180 Montisl'errandi.
1769 1140 1813 1179 ct
1840 1136 1936 1192 ejus

367 1206 722 1253 suc‹:ess‹:›1·il›us,
749 1207 902 1247 omniu
923 1206 1216 1261 gravamina,
1249 1208 1449 1261 dampna
1478 1220 1556 1248 seu
1586 1207 1823 1250 interesse.
1849 1222 1936 1263 que

366 1276 510 1318 dictus
531 1277 760 1317 Joliunnes
785 1278 1021 1325 Boccados,
1049 1277 1117 1319 vel
1146 1277 1333 1319 (lomina
1361 1278 1559 1325 Aslalaiz,
1588 1292 1703 1320 uxor
1723 1279 1836 1334 ejus,
1865 1279 1934 1321 vel

363 1347 465 1389 ‹licti
483 1362 639 1389 eorum
658 1348 783 1389 liberi
809 1348 1022 1393 fecerunt,
1043 1349 1108 1391 vel
1126 1349 1245 1404 passi
1267 1349 1463 1395 fuerunt,
1481 1349 1715 1392 occasione
1735 1350 1934 1406 episcopi

363 1419 432 1459 vol
454 1419 741 1474 episcopatus
764 1419 1113 1473 Magahjnensis,
1132 1420 1201 1461 vel
1231 1421 1464 1461 occasione
1495 1420 1671 1462 comitis
1700 1435 1778 1463 seu
1797 1421 1935 1463 conli-

364 1493 482 1531 tatus
505 1490 704 1545 Melgorii
727 1493 771 1532 et
798 1491 1182 1537 Montisferraudi,
1209 1495 1253 1533 et
1273 1492 1330 1532 ab
1351 1491 1473 1532 omni
1504 1491 1723 1546 peticione
1745 1496 1789 1534 et
1809 1506 1932 1535 occa-

362 1561 503 1608 sione,
524 1576 661 1617 quam
688 1566 875 1617 possent
904 1562 1047 1605 facere
1079 1563 1147 1604 vel
1181 1563 1348 1604 habere
1376 1566 1531 1605 contra
1560 1563 1823 1619 episcopum
1852 1577 1930 1606 seu

360 1632 671 1688 episcopatum
688 1634 1071 1688 Magalonensem,
1098 1637 1141 1675 et
1162 1637 1318 1676 contra
1336 1635 1547 1676 comitem
1573 1635 1642 1675 vel
1665 1635 1930 1677 comitatum

358 1703 562 1759 Melgorii
582 1707 625 1746 et
646 1705 1029 1753 Montisferraudi,
1063 1705 1132 1747 vel
1154 1708 1309 1747 contra
1331 1706 1447 1747 bona
1470 1706 1759 1761 episcopatus
1780 1706 1931 1761 Maga-

358 1775 571 1822 lonensis,
594 1777 663 1818 vel
683 1780 837 1819 contra
861 1778 979 1819 bona
995 1777 1236 1819 comitatus
1257 1777 1459 1832 Melgorii
1482 1781 1526 1819 et
1543 1777 1924 1826 Montisferrandi,

356 1846 547 1889 liberent
573 1850 617 1889 et
649 1848 891 1891 absolvant
923 1848 1261 1904 imperpetuum
1295 1849 1413 1891 dicta
1447 1849 1632 1892 domina
1667 1849 1851 1891 Adalaiz
1885 1852 1930 1892 et

354 1917 449 1973 ejus
473 1918 599 1961 liberi
622 1920 792 1961 dictum
820 1920 1058 1962 domiuum
1083 1921 1375 1975 J[ohauuem]
1407 1922 1461 1963 de
1484 1921 1783 1968 Montelauro‚
1810 1920 1927 1976 epis-

354 2003 517 2044 copum
540 1990 923 2045 Magalonensem,
949 1991 1159 2033 comitem
1183 1991 1451 2047 Melgoriixet
1472 1991 1856 2039 Montisferraudi‚
1883 1995 1927 2034 et

351 2061 447 2116 ejus
480 2075 787 2109 successores,
831 2066 875 2105 et
903 2064 1022 2105 bona
1049 2063 1336 2119 episcopatus
1363 2068 1407 2105 et
1434 2054 1689 2106 comitatus
1707 2062 1921 2119 p'redicti;

314 2181 317 2182 ⁷
351 2136 395 2174 et
427 2136 609 2188 pactum
643 2135 697 2176 de
735 2148 969 2190 nunquam
1005 2136 1181 2189 agendo
1209 2138 1253 2176 et
1291 2136 1345 2176 de
1385 2148 1476 2176 non
1506 2134 1694 2177 ulterius
1727 2135 1923 2190 petendo

351 2203 516 2246 faciant
530 2205 865 2260 imperpetuum
886 2206 1003 2248 dieta
1025 2207 1209 2248 domina
1228 2210 1271 2248 et
1289 2207 1385 2262 ejus
1402 2206 1530 2248 liberi
1546 2205 1719 2261 prefato
1736 2205 1921 2248 domino

347 2275 558 2331 episcopo
592 2276 922 2331 Magaloneusi,
967 2277 1120 2319 comiti
1149 2277 1352 2331 Melgorii
1380 2280 1423 2319 et
1451 2276 1835 2325 Montisferrandi‚
1877 2280 1922 2319 et

346 2347 680 2390 successoribus
709 2349 817 2397 suis,
849 2350 904 2391 de
931 2348 1144 2391 omnibus
1173 2352 1216 2391 et
1238 2348 1427 2403 singulis
1455 2361 1739 2405 quecumque
1764 2350 1918 2404 petere

344 2421 544 2473 possent.
567 2419 718 2475 aliquo
738 2421 874 2462 modo
890 2421 962 2462 vel
980 2420 1224 2467 intellectu,
1250 2421 1471 2462 adversus
1489 2420 1659 2462 dictum
1678 2419 1915 2462 dominum

343 2490 606 2545 episcopum
622 2492 1005 2547 Magaloneusem,
1020 2491 1231 2534 comitem
1249 2491 1450 2547 Melgorii
1469 2494 1513 2533 et
1527 2490 1910 2537 Montisferrandi,

342 2562 411 2603 vel
440 2563 660 2604 adversus
689 2577 970 2606 successores
994 2563 1106 2619 ejus,
1138 2563 1210 2605 vel
1236 2564 1457 2605 adversus
1479 2563 1600 2605 bona
1625 2562 1912 2618 episcopatus

343 2633 411 2674 vel
426 2633 681 2682 comitatus,
705 2635 963 2690 supradicto
981 2635 1106 2677 salvo
1123 2635 1253 2677 dictis
1269 2634 1421 2676 liberis
1441 2634 1661 2676 Johannis
1681 2633 1908 2676 Boccados

404 2928 452 2973 (1)
482 2929 607 2965 Cart.:
632 2930 864 2974 confec-lum.
