2070 3486
785 304 841 309 -
874 278 957 319 327
992 304 1047 309 —

131 374 169 415 X
183 373 393 427 mimam)
413 374 699 415 marcharum
717 374 904 428 argenti.
919 373 1189 425 assignanda
1208 374 1336 415 bonis
1354 375 1474 424 viris,
1492 375 1693 430 personis

132 443 320 500 ydoneis
342 443 414 501 [etl
441 444 665 493 fidelibus,
687 457 800 499 quas
821 458 901 484 nos
921 444 1139 497 eligemus
1164 445 1229 485 vel
1256 446 1448 487 Ecclesia
1472 440 1705 495 Romanas

131 528 218 570 que
236 515 534 570 quantitatem
552 515 815 570 predictam.
833 516 887 556 (le
912 515 1129 556 bonorum
1154 516 1350 558 virorum
1367 518 1568 562 consilio,
1592 532 1692 572 pro-

129 585 440 640 portionaliter
462 584 534 642 [etl
562 585 753 627 fideliter
773 585 977 627 divident
997 585 1125 640 juxta
1149 588 1446 641 quantitatem
1470 589 1690 643 dampno-

130 669 252 704 rum;
286 670 365 698 nec
395 660 606 711 poterunt
634 657 728 712 ipsc
758 657 827 697 vel
863 656 929 697 sui
966 670 1046 711 pro
1081 658 1290 712 dampnis
1324 659 1583 702 mobilium.
1620 661 1689 701 vel

128 727 431 770 destructione
453 728 516 781 (2)
546 729 785 769 domorum
822 728 890 769 vel
921 727 1145 770 villarum.
1185 729 1299 770 sicut
1325 743 1593 784 expressum
1623 734 1690 773 est

129 798 351 853 superius,
384 798 499 840 ultra
527 811 755 840 summam
784 797 906 840 illam
934 799 1129 853 amplius
1151 800 1397 841 conveniri.

187 870 296 911 Item
319 869 464 911 solvet
485 869 664 912 abbatie
683 868 744 924 (3)
764 869 1047 912 Cisterciensi
1069 870 1162 911 MM
1187 871 1473 913 marcharum
1496 873 1685 927 argenti.

127 942 175 982 ut
202 944 411 983 emantur
440 941 541 982 inde
570 941 772 982 redditus
805 954 884 995 pro
919 940 1159 982 refectione
1187 942 1404 983 ahbatum
1434 945 1477 984 et
1501 943 1687 986 fratrum

125 1010 169 1052 in
197 1011 393 1066 capitulo
426 1011 646 1065 genoralh
686 1011 865 1053 abbatie
905 1011 1190 1058 Clarevallis,
1222 1012 1256 1053 D
1296 1014 1501 1055 marchas
1530 1012 1600 1068 [ad
1624 1015 1686 1069 (4)

123 1084 367 1125 emendum
402 1083 604 1125 redditus
640 1097 722 1138 pro
750 1082 991 1125 refectione
1019 1084 1236 1125 abbatum
1266 1087 1310 1125 et
1344 1084 1563 1132 fratrum,
1611 1086 1685 1141 qni

122 1154 400 1196 conveniunt
420 1154 463 1195 in
485 1154 595 1196 festo
609 1154 865 1196 Nativitatis
882 1155 1015 1196 Beate
1031 1154 1249 1209 Virginis;
1274 1156 1453 1198 abbatie
1476 1157 1688 1198 Grandis-

122 1224 250 1272 silve,
283 1226 322 1266 M
352 1226 581 1267 marchas:
606 1225 785 1267 abbatie
808 1225 1111 1281 Bellepertice,
1138 1226 1237 1268 CCC
1259 1226 1447 1284 marcas]
1468 1242 1475 1269 :
1506 1228 1686 1270 abbatie

121 1295 348 1343 Candelii,
378 1297 443 1339 CC
470 1297 702 1344 marchas,
733 1297 791 1338 ad
816 1297 879 1346 (ὃ)
907 1297 1026 1338 dicta
1060 1298 1334 1340 monasteria
1366 1300 1682 1342 construenda.

123 1370 218 1410 tum
245 1381 326 1423 pro
353 1367 563 1423 dampnis
590 1368 762 1410 eisdem
791 1368 925 1410 illatis
954 1368 998 1409 in
1024 1369 1159 1410 rebus
1187 1369 1447 1415 mobilibus,
1481 1372 1575 1411 tum
1604 1384 1684 1426 pro

121 1437 266 1481 salute
286 1439 436 1481 anime
460 1452 554 1481 sue.

180 1509 288 1552 Item
321 1510 376 1551 vl
407 1509 545 1551 millia
578 1523 831 1552 marcarum
861 1510 1021 1554 solvet.
1046 1524 1133 1565 que
1162 1511 1474 1553 retinebuntur
1499 1513 1554 1553 ad
1584 1525 1682 1554 mu-

120 1579 352 1628 niendum,
378 1581 707 1623 inforciandum
727 1584 769 1623 et
792 1581 1139 1623 custodiendum
1164 1585 1362 1624 castrum
1390 1584 1681 1626 Narbonense

118 1654 163 1694 et
186 1651 275 1694 alia
303 1655 463 1700 castra,
489 1665 577 1707 que
599 1666 693 1696 rex.
719 1666 800 1707 pro
828 1652 1022 1694 Ecclesie
1050 1656 1094 1694 et
1120 1666 1202 1695 sua
1230 1653 1483 1701 securitate,
1511 1655 1681 1696 tenebit

117 1736 261 1778 usque
281 1725 338 1765 ad
359 1724 643 1771 decennium,
671 1727 804 1779 prout
825 1724 1011 1766 inferius
1033 1724 1304 1772 continetur,
1324 1727 1367 1767 et
1394 1725 1508 1767 sicut
1529 1726 1679 1767 visum

117 1793 252 1837 fuerit
273 1795 503 1850 expedire.

175 1866 442 1922 Supradicta
468 1880 575 1909 vero
602 1867 679 1908 XX
703 1866 843 1909 millia
870 1880 1123 1909 marcarum
1146 1867 1291 1909 solvet
1312 1881 1456 1923 usquc
1482 1869 1536 1909 ad
1566 1868 1681 1909 Illlor

114 1950 274 1983 annos,
305 1937 368 1980 ita
393 1938 513 1993 quod
542 1937 745 1993 quolibet
769 1951 889 1980 anno
911 1938 1146 1980 solventur
1165 1938 1203 1979 V
1226 1938 1380 1980 millia.

175 2008 282 2050 Item
322 2009 428 2050 [ΙΙΙοΓ
466 2009 604 2050 millia
643 2009 928 2051 marcharum
968 2010 1308 2064 deputabuntur
1345 2011 1403 2051 ab
1439 2010 1538 2065 ipso
1581 2010 1680 2052 Rai-

115 2081 284 2122 mundo
307 2080 412 2122 11110‘
432 2080 659 2135 magistris
680 2080 918 2135 theologie,
944 2081 1121 2122 duobus
1143 2081 1408 2129 decretistis,
1435 2081 1490 2122 Vl
1515 2081 1678 2135 magis-

114 2150 192 2193 tris
235 2151 400 2194 artium
442 2151 722 2197 liberalium.
767 2155 811 2194 et
851 2152 1030 2194 duobus
1069 2153 1376 2207 grammaticis
1418 2153 1678 2207 regentibus

111 2223 292 2270 Tolose,
323 2237 411 2278 que
437 2223 697 2275 dividentur
721 2223 803 2265 hoc
830 2224 988 2265 modo:
1015 2223 1179 2278 singuli
1207 2224 1525 2280 magistrorum
1552 2225 1678 2266 theo-

111 2294 227 2349 logie
255 2294 487 2337 habebunt
515 2295 543 2336 L
563 2295 624 2349 (6)
653 2295 859 2337 marchas
880 2309 1024 2351 usque
1046 2296 1104 2337 ad
1133 2294 1462 2352 [decennium]:
1489 2300 1676 2351 uterque

160 2467 208 2513 (1)
239 2467 363 2503 Cart.:
387 2467 622 2502 milliarum.

158 2525 207 2571 (2)
237 2527 362 2569 Cart:
386 2525 656 2562 distractione.

160 2586 208 2633 (3)
239 2586 365 2622 Cart.:
389 2586 578 2632 albei-me.

158 2645 206 2691 (4)
235 2641 310 2681 Le‘s
326 2647 438 2680 mots
456 2647 572 2680 entre
590 2644 780 2680 crochets
799 2655 849 2680 ne
869 2655 912 2680 se
930 2647 1132 2681 trouvent
1146 2655 1220 2692 pas
1239 2643 1343 2681 dans
1368 2645 1401 2680 le
1426 2644 1674 2681 manuscrit.

109 2725 154 2730 —
177 2703 275 2740 Voir
296 2706 392 2740 note
410 2704 445 2739 6.

160 2763 208 2809 (5)
238 2763 363 2800 Cart.:
387 2774 424 2799 a.

155 2822 204 2868 (6)
233 2822 358 2859 Cart.:
391 2824 432 2857 V.
463 2823 577 2858 Nous
598 2822 774 2858 suivons
797 2822 831 2859 le
852 2826 963 2859 texte
986 2822 1039 2859 du
1062 2823 1185 2859 traite
1210 2823 1257 2859 (ἰν
1279 2824 1443 2859 Moaux.
1468 2822 1516 2858 de
1539 2823 1674 2857 nieme

110 2892 188 2929 que
206 2892 312 2930 pour
328 2881 388 2918 les
418 2884 529 2917 mots
551 2884 668 2917 entre
686 2881 876 2918 crochets
891 2882 961 2931 qui
981 2882 1164 2923 suivant.
1189 2883 1272 2919 soit
1292 2882 1396 2919 dans
1418 2894 1460 2917 rc
1481 2892 1677 2930 paragra-

109 2940 205 2990 phe,
229 2940 311 2978 soit
329 2940 434 2978 dans
453 2940 512 2978 les
531 2943 685 2979 autres.
