2070 3486
1032 304 1082 307 —
1119 277 1203 319 568
1240 304 1290 307 —

379 376 532 415 contra
563 374 740 414 l’etrum
767 372 1020 419 Raimundi,
1052 386 1078 413 a
1102 375 1303 427 tempore
1330 372 1450 414 illius
1472 373 1561 414 litis
1590 376 1709 415 mete
1737 373 1942 428 elapsum

384 448 451 486 est
480 444 719 486 triennium
750 446 793 485 et
814 443 930 498 plus.
1521 455 1524 457 ’

439 516 548 556 Item
580 515 706 570 ponit
739 515 861 569 quod
889 514 991 556 dicti
1028 515 1155 556 liberi
1185 518 1291 556 sunt
1327 514 1525 556 minores
1555 515 1710 570 viginti
1741 516 1942 571 quinque

381 601 527 629 amns.

437 729 763 784 Suprascriplis
792 729 928 783 igitur
955 729 1036 771 rite
1065 729 1276 784 peractis,
1316 730 1444 771 Petro
1481 729 1732 771 ltaimundo
1761 729 1940 772 nolente

375 814 523 842 coram
552 800 669 841 ‹lielo
707 797 1051 855 judice'venire,
1084 801 1202 842 idem
1239 801 1378 856 judex
1420 801 1573 843 rilavit
1613 803 1657 843 et
1682 801 1806 843 citari
1838 800 1942 843 fecit

375 872 544 927 ipsum.
578 875 625 913 111.
652 885 800 913 eoram
831 886 883 913 eo
912 875 1193 927 compareret
1221 887 1299 927 pro
1327 872 1445 913 (licta
1471 886 1607 914 causa.
1632 876 1677 913 et
1703 872 1939 927 questione

372 943 610 997 agitandis.
639 944 761 984 Unde
785 943 1126 998 1110110111111111115
1144 944 1282 999 judex
1304 943 1470 985 diclum
1495 945 1672 985 Petrum
1697 943 1939 986 Raiinundi

373 1014 528 1056 citavit
549 1018 592 1056 et
619 1014 743 1056 citari
775 1014 876 1056 lecit
897 1015 942 1056 in
970 1015 1089 1056 huuc
1117 1016 1330 1057 modum:

431 1159 712 1201 Raimundus
749 1160 803 1201 de
848 1159 999 1207 Ulmo,
1037 1159 1243 1201 officialis
1286 1160 1456 1201 (101111111
1497 1160 1695 1215 episcopi
1740 1160 1935 1216 Magalo-

372 1231 538 1279 nensis,
571 1231 732 1273 dilecto
756 1230 799 1272 in
820 1230 996 1273 Christo
1015 1232 1239 1278 Jambeto,
1271 1231 1504 1286 capellano
1527 1232 1687 1273 Sancte
1715 1231 1853 1274 Marie
1879 1233 1935 1274 de

368 1302 564 1351 Tabulis,
597 1302 787 1344 salutem
817 1302 861 1344 in
890 1302 1097 1344 Domino.

427 1374 650 1415 Noveritis
686 1388 767 1416 nos
801 1374 972 1416 litteras
1013 1374 1284 1417 venerabilis
1317 1374 1457 1429 patris
1490 1374 1661 1416 domini
1695 1375 1929 1423 Johannis‚

367 1445 446 1487 Dei
467 1445 611 1500 gratia
631 1446 964 1500 Magalonensis
985 1446 1198 1501 episcopi,
1224 1445 1445 1500 recepisse
1467 1446 1650 1488 subhac
1671 1445 1839 1488 forma:

427 1589 657 1632 Johannes
693 1588 849 1631 divina
883 1589 1205 1644 permissione,
1250 1595 1328 1631 etc.
1373 1590 1442 1644 (at
1485 1589 1659 1646 Sapra),
1698 1588 1929 1646 jusqu’lz:

367 1660 716 1716 quadragesimo
738 1660 900 1715 primo.

428 1733 570 1787 Hujus
606 1732 743 1787 igitur
777 1732 1042 1774 auctoritate
1070 1733 1287 1775 mandati.
1329 1732 1458 1774 vobis
1486 1732 1773 1787 precipiendo
1805 1745 1930 1774 man-

362 1804 539 1852 damus,
565 1806 788 1859 quatenus
828 1804 997 1846 dictum
1029 1805 1210 1845 Petrum
1251 1804 1493 1846 Raimundi
1521 1803 1667 1852 olrici,
1710 1817 1767 1845 ex
1801 1807 1928 1859 parte

363 1878 536 1923 nostra,
585 1875 754 1923 citetis,
797 1877 940 1931 (1110(1,
985 1876 1055 1918 (110
1097 1875 1254 1918 martis
1300 1876 1509 1930 proxima
1548 1875 1763 1920 venienti.
1805 1876 1927 1931 apud

359 1947 857 2002 Montempessulanum
873 1947 919 1988 111
935 1947 1059 1989 curia
1077 1947 1320 2002 episcopali
1332 1950 1592 2002 compareat
1605 1960 1757 1989 coram
1777 1947 1923 1996 nobis,

359 2018 488 2060 (lictis
509 2019 891 2074 conquerentibus
912 2022 956 2061 et
983 2033 1139 2061 eorum
1168 2019 1361 2061 curatori
1390 2020 1443 2061 de
1469 2018 1566 2074 jure
1594 2032 1915 2074 responsurus.

418 2090 582 2132 Datum
604 2090 740 2132 tercio
763 2104 906 2133 nonas
928 2091 1139 2140 octobris,
1158 2104 1277 2132 anno
1298 2090 1476 2132 Domini
1500 2089 1740 2132 millesimo
1761 2091 1923 2132 ducen-

365 2161 524 2202 tesimo
547 2162 894 2216 quadragesimo
922 2162 1084 2217 primo.

418 2305 700 2347 Raimundus
728 2306 782 2347 (10
812 2305 962 2354 Ulmo,
995 2305 1202 2347 officialis
1239 2305 1411 2347 domini
1444 2304 1777 2360 Magalonensis
1806 2303 1923 2359 epis-

355 2376 472 2430 copi,
504 2376 643 2431 judex
672 2376 905 2431 delegatus
944 2379 1001 2419 ab
1028 2378 1204 2424 eodem,
1230 2377 1391 2418 dilecto
1420 2376 1464 2417 in
1492 2376 1668 2418 Christo
1695 2376 1918 2424 Jambeto,

356 2447 587 2502 capellano
615 2448 750 2490 Beate
772 2449 910 2490 Marie
932 2450 986 2491 de
1009 2448 1207 2495 Tabulis,
1233 2449 1425 2490 salutem
1456 2448 1498 2489 in
1520 2447 1728 2489 Domino.

415 2520 685 2561 Mandamus
707 2520 849 2568 vobis,
875 2523 1115 2576 quatenus,
1143 2535 1198 2562 ex
1228 2523 1353 2575 parte
1380 2523 1545 2566 nostra.
1571 2519 1716 2561 citetis
1739 2520 1917 2561 Petrum

360 2590 598 2632 Raimundi
618 2591 763 2639 011101,
783 2593 920 2647 quod,
940 2592 1011 2634 die
1030 2592 1186 2634 martis
1203 2591 1408 2646 proxime
1431 2590 1640 2640 venienti,
1660 2592 1920 2645 compareat

355 2675 505 2703 coram
528 2663 672 2704 nobis.
695 2663 1010 2718 propositurus
1032 2663 1244 2718 quiequid
1264 2664 1318 2705 (10
1337 2663 1435 2718 jure
1455 2675 1705 2717 proponere
1727 2660 1920 2703 voluerit

356 2732 397 2774 in
427 2747 563 2775 causa
582 2747 717 2788 quam
741 2735 877 2776 habet
898 2748 1000 2777 cum
1030 2735 1260 2790 Stephano
1284 2735 1498 2781 Borados,
1529 2736 1734 2776 curatore
1756 2733 1918 2775 libero-

352 2818 451 2845 rum
476 2806 707 2859 quondam
730 2806 948 2848 Johannis
972 2807 1187 2848 Bocados.

406 2876 569 2917 Datum
597 2877 936 2931 quartodecimo
957 2877 1174 2919 kalendas
1197 2876 1472 2919 novembris.

2063 1827 2070 2218 ...ψ-ῌ-Α--.-1
2067 1806 2070 1811 i
2068 1782 2070 1787 .
