2070 3486
745 315 799 320 —
835 292 918 333 565
952 317 1006 321 —

95 386 139 426 et
178 383 507 438 querimoniam
550 384 773 425 Adalairie
824 386 1096 433 Bos-adosse,
1134 400 1220 441 quo
1254 386 1430 428 dicetmt
1470 400 1515 428 se
1561 400 1658 428 esse

95 454 300 496 tutricem
342 453 564 508 infantum
613 457 840 508 quondam
885 457 1102 497 ‚iohannis
1137 458 1350 499 Bocados.
1399 458 1552 499 citavit
1589 458 1657 499 vel

93 525 219 567 citari
248 524 350 566 fecit
384 525 563 566 Petrum
594 525 831 566 ltaimundi
873 527 1001 568 (Dlriri
1038 542 1117 582 pro
1145 529 1301 570 eadem
1339 529 1556 583 petis-ione
1579 543 1654 570 «που

94 596 398 651 querimonia„
436 610 571 650 quam
610 598 743 637 modo
773 597 876 639 facit
905 598 1162 653 Stephanus
1194 599 1412 646 Bocados.
1448 600 1522 654 qui
1552 600 1657 641 dicit

94 680 141 709 se
168 680 267 709 esse
296 670 548 709 curatorem
573 667 875 722 predictorum
907 668 1144 710 infantum.

153 738 262 780 Item
298 738 426 793 ponit
467 739 623 779 Petrus
659 738 926 785 Raimundi,
967 754 1053 781 non
1084 740 1204 781 litem
1233 743 1542 789 contestando,
1577 743 1653 783 sed

94 809 377 864 excipiendo,
403 809 523 863 quod
545 809 663 851 dieta
685 809 927 855 Adalnieia,
956 825 1041 865 qur
1065 811 1240 852 «licebat
1262 825 1308 853 se
1330 826 1427 854 esse
1450 812 1654 854 tutricem

95 879 318 922 infantum
347 893 532 921 suorum
555 883 598 922 ot
625 880 727 921 ‹licti
757 881 976 922 Johannis
1008 882 1224 929 Borados,
1265 883 1451 938 litigavit
1480 886 1523 925 et
1549 897 1655 938 que-

95 950 336 993 rimoniam
366 950 468 993 fecit
488 952 542 992 de
565 952 722 993 eadem
755 965 887 993 causa
912 953 965 993 de
1002 953 1130 993 l‘vtro
1159 954 1409 995 ltaimnndo
1438 954 1582 1002 Oli-ici,
1613 957 1657 995 et

96 1021 351 1078 posiciones
394 1021 508 1069 fecit,
547 1025 590 1064 et
628 1025 763 1064 testes
800 1024 1014 1078 produxit
1051 1028 1202 1065 contra
1243 1027 1435 1067 eundem
1475 1027 1654 1067 Petrum

95 1093 352 1136 Raimundi.

156 1164 264 1206 Item
301 1165 446 1219 ponit,
480 1179 569 1206 non
604 1164 725 1207 litem
756 1166 1075 1213 contestando,
1117 1168 1192 1208 sed
1223 1167 1503 1222 excipiendo,
1535 1169 1653 1222 quod

95 1236 219 1278 curia
243 1235 414 1278 domini
450 1236 566 1289 regis
607 1238 888 1290 Aragonum,
927 1237 1093 1279 scilicet
1131 1238 1343 1279 dominus
1370 1239 1565 1280 Thomas
1601 1239 1655 1280 de

96 1306 308 1351 Conchis,
340 1307 518 1362 bajulus
546 1308 665 1349 curie
699 1307 868 1349 domini
910 1308 1025 1362 regis
1062 1308 1104 1349 in
1147 1309 1556 1364 Montepessutano.
1599 1311 1652 1351 ad

96 1378 362 1421 instanciam
399 1382 441 1420 et
483 1379 811 1434 quel-mioniam
848 1380 1043 1434 predicte
1076 1380 1277 1422 Alasacie
1318 1381 1536 1423 Bocados.
1569 1394 1654 1436 que

95 1450 274 1492 dicebat
306 1464 353 1492 se
384 1464 482 1492 esse
513 1450 739 1496 tutricem,
770 1451 902 1505 peciit
929 1454 973 1493 et
1006 1451 1171 1506 recepit
1199 1451 1487 1507 fidejussores
1515 1452 1656 1506 ipsius

99 1521 216 1563 Petri
247 1521 510 1568 Raimundi,
547 1522 779 1564 occasione
815 1522 1011 1577 predicte
1045 1523 1191 1569 vinee,
1225 1522 1440 1565 fructibus
1475 1536 1525 1565 ac
1554 1523 1655 1564 inde

97 1593 334 1648 perceptis.

158 1736 247 1778 Has
275 1736 526 1792 posiciones
555 1750 632 1778 seu
663 1738 1015 1792 protestariones
1047 1738 1268 1793 predictas
1301 1737 1402 1779 feeit
1432 1737 1656 1792 predictus

99 1809 257 1851 Petrus
279 1807 534 1860 RaimumIi,
557 1822 647 1850 non
671 1808 793 1850 litem
816 1810 1125 1857 contestando,
1149 1810 1227 1851 sed
1254 1810 1308 1851 ad
1337 1809 1654 1864 excipiendum

98 1881 142 1922 et
170 1878 242 1935 jus
277 1892 410 1921 suum
438 1880 656 1921 tuendum
692 1882 735 1922 et
772 1879 1148 1928 deffendendum,
1185 1881 1304 1935 quod
1337 1894 1425 1921 non
1456 1882 1660 1922 teneatur

98 1951 369 2006 respondere
392 1949 435 1992 in
457 1950 579 1993 ouria
599 1951 771 1994 domini
792 1951 1125 2006 Magalonensis
1151 1951 1351 2007 episcopi
1378 1953 1431 1993 de
1461 1950 1656 2006 predicta

53 2007 60 2014 ’
99 2035 256 2070 causa,
287 2035 378 2078 qua
409 2021 554 2065 dietus
597 2023 755 2065 Petrus
799 2023 1039 2065 Raimundi
1083 2023 1335 2078 comparuit
1380 2025 1423 2064 et
1467 2021 1658 2064 reddidit

99 2093 380 2149 supradictas
407 2094 703 2150 exeepciones
730 2097 774 2136 et
794 2094 1164 2149 protestaciones.

158 2165 310 2208 Dictus
339 2166 596 2221 Stephanus
622 2169 801 2208 curator
825 2165 992 2221 juravit
1018 2168 1073 2209 de
1100 2165 1356 2222 calumpnia
1390 2164 1658 2220 supradictis

98 2236 469 2292 exceptionibus;
501 2240 544 2279 et
570 2237 715 2280 dietus
746 2238 903 2280 Petrus
936 2238 1175 2280 Raimundi
1208 2237 1354 2285 Olrici‚
1385 2236 1552 2292 pluries
1582 2237 1657 2278 ad-

102 2307 314 2354 monitus,
338 2308 481 2350 noluit
495 2308 644 2364 jurare
665 2309 719 2351 de
735 2308 1016 2364 calumpnia;
1036 2308 1151 2351 dixit
1169 2311 1317 2351 tamen
1335 2309 1454 2363 quod
1475 2308 1660 2349 haberet

99 2378 355 2421 consilium.

158 2450 264 2492 Inde
308 2450 539 2506 assignata
577 2453 644 2493 est
683 2450 778 2493 dies
816 2450 932 2506 jovis
974 2450 1184 2506 proxima
1222 2451 1279 2492 ad
1326 2449 1658 2505 procedendum

100 2520 252 2563 debito
280 2522 430 2564 modo.

161 2592 405 2635 Undecimo
442 2592 657 2635 kalendas
697 2585 980 2641 novembris,
1020 2595 1370 2648 comparuerunt
1405 2591 1660 2646 Stephanus

102 2663 317 2711 Bocados,
349 2667 529 2706 curator
548 2664 769 2706 dictorum
802 2664 1044 2706 liberorum
1067 2678 1123 2705 ex
1150 2678 1240 2705 una
1268 2652 1408 2719 parte,
1434 2666 1476 2704 et
1510 2663 1661 2703 Petrus

103 2734 343 2777 Raimundi
373 2734 505 2777 Olrici
536 2749 593 2778 ex
625 2736 795 2778 altera:
826 2738 869 2777 et
899 2735 1045 2777 dictus
1076 2737 1232 2777 Petrus
1264 2734 1504 2777 Raimundi
1531 2732 1659 2773 Olriri

103 2805 236 2860 peciit
253 2805 337 2847 sibi
362 2809 540 2862 tempus
558 2807 776 2861 assignari
795 2808 848 2849 :id
869 2808 1185 2862 proponendas
1201 2806 1493 2861 excepcionvs
1508 2807 1662 2845 contra

104 2889 344 2932 personam
367 2878 610 2922 curatoris:
642 2881 685 2920 et
707 2880 761 2920 ad
793 2879 874 2919 hoe
901 2880 1020 2934 quod
1041 2878 1185 2920 dictus
1208 2878 1463 2932 Stephanus
1485 2878 1663 2917 curator

104 2960 203 2990 esse
224 2962 313 2990 non
343 2948 499 3003 possit.

227 3029 315 3062 Cart.
337 3029 378 3061 de
398 3030 491 3071 May.
513 3048 552 3054 —
572 3032 608 3062 T.
631 3032 659 3062 11
1500 3028 1540 3057 3«)
