2070 3486
766 378 817 383 —
854 352 936 394 1177
974 379 1025 384 —

111 446 337 490 infantum
358 448 587 502 quondam
611 447 849 490 Rainnmdi
874 450 927 489 de
952 452 1114 490 sancio
1132 448 1329 489 Firmino
1348 447 1486 502 patris
1506 461 1684 489 eorum-

111 519 231 565 dem,
255 531 336 573 pro
373 518 482 572 ipsis
510 517 775 565 infantibus,
819 532 898 573 per
925 532 971 559 se
999 522 1043 559 et.
1072 533 1148 573 per
1175 518 1287 560 alios
1314 521 1588 560 contutores.
1623 532 1678 558 ex

110 588 198 631 alia
232 591 373 644 parte,
406 588 448 629 in
485 584 604 630 hunc
631 590 846 631 modum:
878 591 997 643 qnod
1034 603 1115 630 nos
1154 591 1309 631 l'ctrus
1342 589 1610 630 (luillelnins
1637 592 1677 629 et

112 660 446 705 Gaucerandus,
478 673 558 714 per
580 673 660 701 nos
682 663 724 701 et
752 674 832 715 per
852 660 964 701 alios
990 663 1158 701 tutores
1188 660 1409 701 intantum
1449 661 1677 714 quondam

114 731 355 774 Raimundi
391 732 446 772 de
473 731 694 774 Firmino.
737 731 916 773 nomine
958 731 1158 785 ipsorum
1196 731 1417 773 intantum
1460 731 1680 772 solvimus

112 805 157 845 et
171 802 356 844 omnino
379 803 754 857 desamparamus
778 802 905 844 vobis
927 802 1111 843 domino
1134 803 1411 856 B[e1·nar‹lo].
1441 803 1518 843 l)‹·i
1538 802 1681 856 gratia

111 872 419 929 Magalonensi
447 873 674 928 episcopo,
700 876 837 915 totam
865 873 1057 929 bayliam
1085 874 1217 915 castri
1245 875 1298 915 de
1324 873 1552 927 Melgorio.
1578 886 1682 913 con-

111 957 284 986 cessam
312 944 542 999 quondam
571 957 596 985 a
624 944 809 986 domino
832 943 1106 1001 Giuitlelmo]
1136 945 1190 985 de
1220 943 1454 990 Altiniaco‚
1486 943 1682 997 Magalo-

111 1015 242 1057 nensi
268 1016 479 1071 episcopo
510 1016 625 1057 bone
656 1015 889 1060 memorie,
929 1015 1127 1070 predicto
1156 1015 1408 1056 Raimundo
1436 1016 1488 1056 de
1513 1013 1679 1056 Sancto

110 1085 310 1128 Firmino
332 1089 376 1128 et
403 1086 512 1133 suis,
538 1089 582 1127 et
605 1088 746 1128 totum
775 1086 846 1141 jus
873 1085 1074 1140 pignoris
1108 1085 1345 1127 duodecim
1375 1085 1549 1126 milium
1578 1085 1681 1126 soli-

110 1157 288 1204 dorum,
319 1158 439 1212 quod
462 1157 557 1212 ipse
585 1157 796 1200 habebat.
823 1159 866 1198 et
886 1156 1082 1198 infantes
1101 1159 1143 1197 et
1159 1157 1348 1198 heredes
1365 1156 1433 1198 sui
1453 1156 1680 1198 habebant

112 1228 154 1270 in
184 1227 434 1270 redditibus
461 1231 506 1270 et
532 1227 885 1270 obventionibus
916 1227 1049 1270 castri
1085 1228 1139 1269 de
1171 1228 1401 1282 Melgorio.
1433 1230 1473 1268 et
1512 1227 1552 1268 in
1584 1227 1679 1281 ipso

110 1302 272 1347 castro,
303 1302 348 1341 et
371 1299 419 1340 in
445 1299 673 1354 aliquibus
702 1300 836 1340 rebus
858 1313 937 1341 seu
955 1299 1147 1353 juribus,
1170 1298 1478 1353 corporalibus
1508 1312 1585 1338 seu
1616 1298 1680 1338 in-

109 1369 434 1426 corporalibus,
470 1371 528 1412 ad
555 1370 724 1412 dictum
753 1374 949 1412 castrum
979 1371 1033 1411 de
1060 1369 1276 1423 Melgorio
1305 1383 1384 1411 seu
1412 1369 1509 1424 ejus
1537 1369 1680 1410 ‹lomi—

110 1442 340 1484 nationem
375 1442 733 1497 pertinentibus,
768 1456 824 1483 ex
859 1441 1133 1495 obligatione
1161 1442 1307 1483 eidem
1340 1440 1592 1482 Raimundo
1625 1441 1678 1481 de

111 1513 276 1556 Sancto
306 1513 505 1556 Firmino
539 1516 583 1556 ct
614 1513 707 1555 suis
737 1513 852 1555 facta
877 1528 904 1555 a
934 1513 1134 1568 predicto
1168 1511 1352 1554 domino
1383 1510 1674 1567 G[uillelmo}.

109 1584 419 1640 Magalonensi
450 1584 721 1640 [episcopo],
762 1584 876 1626 sicut
908 1584 1070 1626 melius
1098 1587 1141 1626 et
1168 1583 1344 1638 plenius
1376 1582 1459 1625 dici
1498 1582 1567 1624 vel
1603 1596 1679 1623 ex-

111 1655 243 1712 primi
278 1658 450 1711 potest,
481 1657 538 1698 ad
579 1655 820 1698 utilitatem
857 1659 1088 1703 nostram;
1126 1658 1294 1697 cartam
1323 1654 1449 1709 cujus
1479 1654 1679 1709 pignoris

109 1726 240 1769 vobis
267 1727 452 1769 domino
479 1727 763 1782 B[ernardo],
796 1727 1007 1782 episcopo
1029 1726 1353 1782 Magalonensi,
1382 1725 1674 1766 reddidimus.

169 1798 222 1840 Et
243 1811 324 1840 nos
351 1797 659 1855 B[ernardus],
691 1798 769 1840 Dei
803 1798 945 1851 gratia
977 1797 1310 1853 Magalonensis
1337 1797 1591 1852 episc-smus.
1624 1810 1678 1836 ex

109 1869 263 1924 vigore
290 1869 406 1912 dicte
428 1869 786 1925 compositionis,
812 1883 891 1924 per
913 1883 994 1911 nos
1015 1872 1059 1911 et
1086 1883 1165 1924 per
1193 1871 1370 1910 nostros
1395 1881 1553 1909 omnes
1583 1881 1680 1908 suc-

109 1953 330 1988 cessores,
369 1941 652 1983 absolvimus
686 1944 729 1982 et
761 1941 804 1982 in
840 1944 1111 1996 perpetuum
1140 1939 1385 1981 liberamus
1415 1938 1608 1980 infantes
1637 1941 1681 1979 et

109 2012 298 2054 heredes
337 2013 568 2068 quondam
609 2011 850 2054 Raimundi
889 2013 943 2053 dc
987 2014 1149 2053 Sancto
1190 2010 1410 2055 Firmino,
1458 2013 1501 2051 et
1529 2010 1679 2050 omnin

109 2084 230 2126 bona
249 2087 294 2126 et
309 2083 408 2139 jura
427 2083 646 2138 ipsorum,
670 2084 728 2125 ab
748 2083 960 2141 omnibus
983 2086 1026 2125 et
1047 2082 1250 2135 singulis.
1275 2095 1360 2137 que
1378 2081 1529 2136 aliquo
1546 2082 1679 2122 modo

110 2154 179 2196 vel
213 2154 443 2197 intellectu
480 2158 632 2210 petere
655 2154 726 2196 vel
757 2155 936 2209 exigere
966 2167 1205 2210 possemus
1243 2167 1269 2195 a
1302 2152 1513 2208 predictis
1537 2151 1680 2193 intan-

112 2225 252 2278 tibus,
298 2225 366 2268 vel
409 2226 453 2267 in
497 2226 629 2268 bonis
667 2239 822 2268 eorum
846 2260 853 2272 ,
896 2225 1276 2280 contemplatione
1325 2224 1391 2265 vel
1446 2223 1678 2265 occasione

112 2296 242 2339 bailie
263 2297 397 2339 castri
417 2297 471 2339 de
494 2297 708 2351 Melgorio
736 2301 779 2339 et
801 2297 1002 2352 pignoris
1024 2297 1226 2352 predicti,
1256 2296 1323 2337 vel
1348 2308 1674 2337 successorum.

110 2368 179 2410 vel
209 2368 401 2411 aliorum
429 2368 685 2423 aliquorum
723 2369 918 2411 nomine.
952 2368 1019 2409 vel
1050 2368 1280 2410 occasione
1310 2367 1505 2422 predicte
1531 2366 1675 2408 buitie.

111 2440 178 2481 vel
204 2440 459 2495 pignorum,
482 2443 527 2482 et
552 2440 822 2495 generaliter
842 2440 1046 2482 omnium
1076 2440 1283 2481 aliorum.
1318 2439 1372 2479 ad
1397 2438 1510 2479 ham·
1538 2438 1673 2478 diem:
1714 2450 1720 2456 ·

109 2511 164 2553 de
190 2511 357 2566 quibus
384 2511 597 2553 omnibus
619 2514 663 2553 et
683 2511 871 2565 singulis
896 2513 1063 2552 bonum
1088 2510 1224 2551 finem
1248 2513 1291 2551 et
1319 2510 1497 2564 plenum
1524 2508 1678 2549 remis-

109 2582 299 2630 sionem,
319 2584 586 2638 perpetuam
607 2585 652 2624 et
671 2582 1021 2629 absolutionem,
1042 2584 1086 2623 et
1102 2584 1280 2636 pactum
1305 2582 1358 2621 de
1374 2594 1460 2621 non
1485 2580 1677 2634 petendo

108 2653 319 2708 predictis
350 2652 622 2705 infantibus,
660 2653 901 2705 heredibus
929 2652 1167 2695 Raimundi
1191 2653 1246 2693 de
1275 2654 1438 2693 saneto
1460 2650 1673 2691 Firmino.

108 2726 152 2766 et
184 2724 293 2772 suis,
335 2727 381 2766 et
419 2724 549 2766 vobis
588 2725 717 2766 Petro
745 2724 986 2766 Guillelmo
1022 2727 1066 2765 ct
1098 2723 1419 2765 Gaucerundo.
1453 2735 1532 2776 pro
1569 2720 1676 2775 ipsis

107 2794 357 2837 infantibus
384 2795 721 2850 recipientibus,
754 2809 834 2850 pcr
856 2808 936 2837 vos
963 2798 1006 2836 et
1028 2808 1107 2849 per
1126 2793 1239 2836 alios
1269 2796 1437 2834 tutores
1456 2791 1677 2833 dictorum

107 2864 349 2915 infantum,
382 2879 461 2922 per
487 2879 569 2908 nos
597 2869 640 2908 et
659 2879 737 2921 per
765 2879 923 2908 omnes
945 2878 1228 2907 successores
1252 2867 1445 2914 nostros,
1473 2862 1675 2903 facimus.

109 2938 154 2979 et
179 2936 282 2979 inde
310 2950 387 2979 eos
414 2937 582 2992 quitios
610 2937 885 2983 clamamus,
932 2937 1047 2979 sicut
1076 2935 1237 2977 melius
1266 2935 1353 2977 dici
1381 2934 1449 2975 vel
1488 2932 1678 2987 exprimi

108 3010 271 3063 potest,
293 3009 351 3050 ad
372 3007 614 3050 utilitatem
637 3008 859 3050 dictorum
883 3007 1124 3050 infantum.

234 3089 323 3121 Cart.
345 3091 386 3121 de
405 3089 497 3132 Maq.
526 3109 558 3113 -
583 3090 618 3120 T.
646 3089 673 3119 ll
1520 3086 1555 3116 12
