2070 3486
793 292 1050 336 -365—

141 405 421 435 successores
439 382 587 436 vobis.
619 393 802 435 domino
834 395 1060 450 episcope.
1087 399 1128 437 et
1158 397 1491 439 successoribus
1520 397 1696 439 vestris.

137 464 333 506 dominis
354 464 718 506 Montisferrandi
741 478 821 519 pro
851 465 1080 507 voluntate
1111 471 1275 512 vestra,
1303 469 1398 509 sine
1419 468 1571 523 aliqua
1598 482 1701 510 con-

141 535 422 578 tradictione.
471 538 516 577 ct
546 534 842 578 deffensione.
885 540 928 578 et
959 538 1239 592 exceptione.
1285 539 1503 592 prefatam
1548 539 1698 580 villani

141 605 294 648 Sancti
320 606 516 654 Martini,
541 609 586 648 et
607 605 767 648 forcias
787 610 830 648 et
853 607 1147 650 municiones.
1178 609 1220 651 in
1244 623 1295 651 ea
1313 610 1402 663 jain
1423 613 1700 651 constructas

139 679 184 719 et
209 676 491 725 constitutas,
523 680 567 719 et
587 678 913 719 construendas
935 682 979 720 et
997 680 1354 726 constituendas,
1387 682 1587 725 reddere.
1620 694 1700 735 per

140 760 298 804 pacem
337 751 381 790 et
418 761 497 803 per
521 761 754 804 guerram,
798 750 1176 804 quandocumque
1217 754 1255 792 et
1295 752 1698 806 quotienscumque

142 818 390 862 volueritis.

199 888 292 940 Que
313 890 466 933 omnia
485 890 581 946 jure
601 891 923 933 dominationis
945 894 986 933 et
1011 892 1252 944 seignorini
1271 894 1325 934 ad
1349 907 1442 936 vos.
1465 894 1698 935 dominum

86 972 88 974 ’
140 961 428 1017 episcopum,
460 966 504 1004 et
530 976 811 1004 successores
848 965 1044 1005 vestros
1080 964 1288 1005 dominos
1317 964 1697 1009 Montisferrandi.

139 1032 237 1088 jure
270 1034 315 1074 et
337 1032 455 1088 juste
489 1046 569 1088 pro
600 1033 730 1075 dictis
766 1033 978 1074 fratribus
1010 1034 1370 1087 recognoscimus
1399 1035 1634 1088 pertinere.
1659 1039 1699 1076 et

141 1102 296 1145 villam
317 1103 562 1158 predictam
586 1103 737 1146 Sancti
759 1104 938 1145 Martini
960 1117 1058 1145 esse
1081 1107 1122 1145 et
1149 1105 1284 1145 fuisse
1307 1106 1360 1146 de
1381 1107 1701 1147 mandamento

140 1174 275 1216 castri
311 1173 704 1221 Montisferrandi;
744 1175 789 1215 in
827 1188 918 1229 qua
947 1174 1054 1216 villa
1087 1178 1131 1217 et
1167 1175 1210 1216 in
1244 1178 1336 1216 toto
1367 1176 1463 1231 ejus
1495 1176 1700 1217 terminio

141 1245 504 1301 recognoscimus
528 1259 608 1288 vos
630 1249 674 1288 et
692 1249 1000 1288 antecessores
1030 1249 1203 1288 vestros
1226 1246 1452 1290 habuisse.
1485 1251 1522 1288 el
1557 1262 1636 1289 ves
1657 1251 1699 1289 et

141 1329 422 1359 successores
451 1320 623 1359 vestros
658 1317 838 1361 habere.
873 1320 917 1358 et
948 1318 1112 1359 habere
1140 1318 1319 1363 debere,
1358 1318 1457 1373 jura
1484 1322 1525 1359 et
1554 1321 1702 1373 potes-

142 1389 279 1430 tatem
295 1390 340 1430 et
355 1388 594 1443 imperium
613 1387 802 1430 faciendi
824 1391 868 1429 et
889 1387 1120 1442 infligendi
1137 1402 1295 1431 omnes
1312 1403 1450 1443 penas
1469 1390 1701 1442 sanguinis

141 1458 228 1500 illis
261 1459 523 1502 hominibus
562 1463 605 1501 et
645 1459 839 1502 feminis.
880 1459 957 1514 qui
990 1459 1151 1501 delicta
1179 1459 1222 1500 in
1263 1460 1446 1514 prefatis
1484 1461 1592 1502 loeis
1631 1474 1702 1502 co-

142 1529 372 1572 miserint.
403 1544 484 1585 pro
524 1530 690 1585 quibus
731 1544 895 1585 penam
932 1530 1165 1584 sanguinis
1201 1531 1448 1573 meruerint
1482 1532 1701 1574 sustinere

140 1601 237 1644 sive
256 1600 303 1643 in
324 1603 417 1643 toto
444 1614 630 1657 corpore
653 1601 747 1643 sive
770 1601 814 1643 in
834 1601 987 1656 aliqua
1007 1602 1103 1657 ejus
1130 1605 1271 1657 parte.

199 1673 406 1715 Preterea
432 1673 795 1727 recognoscimus
823 1672 968 1717 vobis.
996 1673 1182 1715 domino
1211 1673 1439 1729 episcope.
1465 1677 1508 1715 et
1530 1688 1699 1716 succes-

140 1743 318 1786 soribus
346 1743 522 1791 vestris,
549 1743 746 1786 dominis
774 1743 1156 1791 Montisferrandi.
1183 1745 1303 1799 quod
1327 1744 1513 1799 predicti
1543 1744 1700 1787 iratres

100 1829 105 1834 ·
140 1817 185 1857 et
205 1827 288 1857 nos
309 1828 389 1870 pro
415 1814 527 1870 ipsis
548 1817 755 1857 tenemus
776 1815 822 1856 in
855 1814 1039 1857 feudum
1068 1828 1094 1856 a
1128 1815 1273 1861 vobis.
1310 1817 1469 1858 eodem
1503 1817 1636 1857 modo
1659 1819 1699 1858 et

140 1887 224 1928 sub
251 1886 411 1928 eadem
442 1885 614 1934 forma,
648 1886 830 1928 nomine
852 1888 896 1928 et
919 1886 1090 1928 ratione
1118 1886 1306 1928 dominii
1329 1890 1371 1929 et
1392 1876 1701 1928 mandamenti

139 1956 521 2005 Montisferrandi,
548 1970 757 1999 mansum
789 1958 843 1999 de
870 1957 1081 2000 Combals
1106 1971 1209 1999 cum
1234 1958 1446 1999 omnibus
1467 1959 1520 1999 ad
1553 1958 1698 2013 ipsum

140 2028 472 2084 pertinentibus
486 2031 530 2071 et
544 2028 871 2084 adjacentibus,
890 2028 966 2083 qui
986 2031 1054 2070 est
1070 2028 1116 2070 in
1132 2029 1367 2083 parrochia
1389 2029 1539 2071 Sancti
1560 2029 1699 2083 Egidii

139 2099 194 2141 de
210 2098 360 2146 Fisco;
382 2102 427 2142 et
446 2100 605 2141 eodem
629 2100 764 2141 modo
786 2112 997 2141 mansum
1019 2100 1073 2141 de
1094 2099 1303 2146 Cumbis.
1326 2103 1370 2141 et
1387 2101 1544 2141 eodem
1566 2101 1701 2142 mode

141 2183 352 2213 mansum
373 2169 450 2212 del
474 2171 664 2226 Bosc(1>
687 2174 731 2213 et
749 2183 961 2212 mansum
980 2169 1126 2212 Novel
1143 2184 1244 2212 cum
1268 2185 1340 2212 0111
1350 2171 1481 2212 nibus
1499 2172 1555 2213 ad
1580 2172 1701 2226 ipses

139 2241 470 2297 pertinentibus
503 2245 547 2284 et
581 2241 918 2297 adjacentibus,
950 2242 1027 2297 qui
1055 2244 1161 2283 sunt
1196 2242 1238 2284 in
1274 2242 1509 2297 parrochia
1541 2245 1700 2285 sancte

139 2312 278 2355 Marie
298 2314 354 2356 de
376 2313 578 2356 Lundris.

199 2384 252 2427 Et
271 2397 354 2427 nos
376 2384 560 2440 predicti
588 2387 780 2431 tutores,
819 2387 1116 2439 protectores,
1149 2385 1358 2426 custodes
1379 2387 1423 2426 et
1443 2384 1578 2439 bajuli
1604 2398 1701 2438 pre-

140 2455 363 2499 dictorum
397 2455 446 2497 B.
487 2459 531 2498 et
567 2455 792 2510 Hugonis.
834 2455 1100 2497 auctoritate
1137 2454 1273 2497 officii
1319 2456 1437 2510 quod
1472 2455 1696 2509 gerimus.

140 2527 323 2570 nomine
353 2527 656 2583 predictorum
692 2527 903 2574 fratrum;
935 2529 979 2568 et
1008 2540 1089 2568 nos
1110 2526 1158 2568 B.
1190 2529 1232 2568 et
1262 2526 1404 2580 Hugo.
1435 2527 1700 2568 auctoritate

140 2598 361 2641 dictorum
386 2601 601 2647 tutorum,
635 2599 755 2653 quod
793 2611 874 2639 nos
903 2597 1009 2640 dicti
1041 2600 1210 2639 tutores
1240 2611 1396 2639 verum
1420 2611 1518 2639 esse
1540 2611 1702 2652 cogno-

140 2670 324 2718 scimus,
350 2672 572 2725 presente,
600 2669 777 2712 volente
809 2672 853 2712 et
881 2669 1189 2711 consentiente
1223 2668 1407 2710 domina
1440 2668 1696 2710 l’etronilla.

141 2744 283 2784 matre
316 2744 485 2790 nostra,
516 2742 638 2797 quod
671 2754 752 2796 ego
781 2740 1023 2783 petronilla
1052 2753 1207 2782 verum
1237 2753 1334 2782 esse
1357 2753 1593 2793 cognosco,
1621 2754 1700 2780 nos

139 2825 298 2855 omnes
325 2814 370 2855 et
396 2811 576 2867 singuli,
616 2811 742 2854 tactis
778 2811 1074 2854 sacrosanctis
1105 2811 1366 2865 evangeliis,
1400 2810 1580 2851 nemine
1604 2824 1700 2864 pre-

187 2962 236 3008 (1)
266 2962 391 2998 Cart.:
414 2960 570 2996 (leswe.
