2070 3486
806 343 855 348 -—
893 317 973 359 (591
1012 343 1065 348 -

156 413 211 454 de
239 414 407 458 nostro,
445 425 500 453 ex
537 411 578 452 vi
616 412 748 466 hujus
783 412 1003 466 presentis
1029 411 1375 466 composicionis
1406 424 1485 453 seu
1520 413 1716 452 transac-

156 482 311 529 cionis,
349 482 489 524 dictas
525 482 705 536 triginta
734 483 869 524 libras
892 483 1228 535 melgorienses.
1254 495 1339 537 que
1372 495 1552 536 semper
1579 495 1715 536 penes

156 557 199 596 te
227 556 270 596 et
298 556 413 601 tuos,
445 553 515 595 vel
543 567 657 608 quos
686 553 907 603 volueris,
947 554 1264 599 remanebunt,
1304 553 1464 594 idcirco
1498 552 1643 607 ipsam
1669 542 1716 593 ‘et

155 624 362 667 omnia...
394 624 657 670 laudamus,
683 625 1006 679 approbamus,
1033 627 1071 665 ct
1103 623 1443 670 confirmamus,
1469 626 1511 665 ct
1539 636 1716 677 semper

156 694 305 738 valere
327 695 554 742 volumus,
580 698 623 737 ct
646 696 936 741 man‹lamus;
960 698 1000 736 et
1026 696 1079 735 ale
1103 695 1314 736 omnibus
1337 694 1421 736 hiis
1444 698 1486 736 ct
1508 694 1710 747 singulis,

155 779 243 822 que
276 779 302 808 a
336 769 378 808 te
413 765 532 808 dicto
562 767 804 811 Bernardo.
839 766 908 807 vel
934 766 976 807 in
1002 766 1131 807 bonis
1154 766 1258 811 tuis,
1285 779 1362 807 seu
1391 766 1435 807 in
1463 765 1592 807 bonis
1611 764 1713 806 dicti

155 838 385 892 quondam
409 837 548 892 patris
569 837 646 883 tui,
671 851 753 879 nos
776 837 846 878 vel
868 837 1031 892 aliquis
1055 850 1285 878 successor
1306 840 1458 878 noster
1475 839 1624 891 petere
1645 836 1714 877 vel

154 908 335 963 exigere
370 921 626 964 possemus,
668 908 848 949 nomine
889 908 958 949 vel
992 908 1222 948 occasione
1259 908 1513 962 aliquarum
1548 907 1717 948 obven-

153 979 349 1027 cionum,
376 979 650 1024 reddituum,
683 979 926 1029 fructuum,
952 992 1095 1033 usque
1120 978 1162 1019 in
1186 979 1452 1020 hodiernum
1477 978 1594 1020 diem
1619 992 1716 1033 pcr-

153 1054 386 1107 ceptorum
414 1065 440 1093 a
467 1051 584 1093 dicto
612 1051 842 1106 quondam
872 1053 996 1106 patre
1026 1053 1117 1097 tuo,
1152 1050 1219 1091 vel
1257 1063 1283 1091 a
1318 1053 1358 1092 te
1396 1053 1496 1105 post
1525 1052 1714 1091 mortem

154 1135 311 1170 suam,
343 1135 423 1165 seu
455 1123 512 1164 ab
546 1122 698 1178 aliquo
725 1122 813 1163 alio
842 1136 922 1177 pro
951 1121 1080 1163 vobis
1114 1136 1192 1163 scu
1224 1121 1453 1163 voluntate
1494 1124 1644 1162 vestra
1673 1123 1717 1162 et

152 1206 364 1241 assensu,
405 1193 448 1235 in
484 1193 613 1235 dictis
643 1193 752 1235 loeis
784 1206 862 1235 seu
894 1206 975 1247 pro
1009 1192 1118 1247 ipsis
1156 1192 1262 1233 locis
1296 1195 1339 1233 et
1368 1192 1542 1246 juribus
1563 1192 1715 1247 aliquo

153 1264 304 1316 modo,
331 1266 372 1306 te
395 1264 563 1306 dictum
586 1265 865 1306 Bernardum
889 1266 932 1305 et
959 1276 1038 1318 per
1066 1268 1106 1304 te
1127 1263 1294 1305 dictum
1320 1265 1492 1318 patrem
1517 1265 1643 1304 tuum
1674 1265 1717 1304 ct

152 1335 272 1377 bona
293 1338 458 1382 vestra,
491 1348 664 1378 necnon
687 1337 730 1376 ct
750 1347 908 1376 omnes
930 1337 974 1376 et
995 1334 1219 1389 quaslibet
1242 1347 1458 1389 personas
1479 1336 1523 1375 ct
1549 1347 1634 1378 res.
1659 1347 1715 1375 ex

153 1405 196 1447 vi
214 1405 349 1462 hujus
368 1406 730 1462 composicionis,
753 1406 997 1448 liberamus
1020 1405 1353 1460 imperpetuum
1373 1408 1414 1447 et
1437 1405 1716 1447 absolvimus

151 1490 253 1518 euin
277 1477 358 1520 hac
378 1481 526 1524 carta;
560 1481 831 1533 pactumque
858 1477 960 1519 inde
990 1477 1203 1519 facientes
1224 1478 1278 1517 dc
1306 1490 1393 1518 non
1423 1476 1716 1531 inquietando

151 1551 196 1590 et
215 1548 270 1590 de
290 1562 377 1590 non
394 1550 589 1604 petendo
607 1548 776 1603 aliquid
796 1549 838 1589 iu
860 1548 1059 1590 futurum
1077 1563 1085 1595 ;
1104 1551 1148 1589 ct
1163 1547 1501 1589 absolucionem
1519 1547 1713 1589 validam

150 1622 194 1661 et
232 1619 489 1675 generalem
532 1620 846 1675 promittentes
888 1619 993 1667 tibi,
1037 1619 1155 1661 (licto
1196 1619 1422 1660 Bernardo
1463 1618 1711 1673 stipulanti,

150 1703 230 1746 per
249 1704 332 1733 nos
353 1693 397 1733 et
414 1704 696 1734 successores
718 1694 911 1738 nostros,
939 1690 1053 1733 facta
1075 1690 1415 1733 renunciacione
1437 1689 1584 1731 omnis
1605 1689 1716 1744 juris

173 1794 198 1803 ..
226 1763 346 1817 quod
386 1774 618 1818 nunquam
655 1765 811 1805 contra
850 1762 1049 1818 predicta
1093 1761 1162 1804 vel
1203 1761 1506 1817 predictorum
1547 1760 1715 1817 aliquid

152 1832 410 1876 nullatenus
438 1834 690 1876 veniemus.

210 1904 262 1946 Et
289 1905 326 1947 si
348 1918 430 1947 nos
459 1904 529 1947 vel
550 1905 714 1960 aliquis
737 1919 969 1948 successor
996 1908 1162 1952 noster,
1195 1905 1315 1959 quod
1346 1905 1463 1946 Deus
1490 1905 1712 1945 advertat.

149 1964 306 2018 contra
335 1975 535 2030 predicta
576 1976 728 2018 venire
761 1979 1164 2031 attemptarcmus,
1193 1978 1334 2017 totum
1363 1976 1642 2029 dampnum,
1674 1977 1715 2016 et

148 2059 410 2102 gravamen,
436 2049 480 2089 et
500 2060 740 2102 expensas,
764 2060 876 2102 quas
899 2047 1002 2090 in'de
1026 2050 1065 2088 tc
1091 2047 1159 2089 vel
1181 2049 1281 2088 tuos
1304 2046 1448 2088 facere
1470 2048 1711 2100 oporteret.

148 2120 227 2160 aut
252 2118 374 2174 quod
404 2118 505 2160 inde
533 2118 710 2161 dederis
737 2121 814 2160 aut
838 2119 1122 2165 sustinueris,
1147 2118 1257 2160 illud
1282 2120 1442 2163 totum,
1467 2109 1568 2159 cum
1592 2117 1716 2158 omni

148 2189 364 2231 interesse
386 2189 488 2231 inde
508 2189 800 2244 contingenti,
821 2190 900 2232 tibi
921 2193 966 2231 ct
986 2190 1073 2231 tuis
1091 2189 1400 2245 promittimus
1423 2189 1467 2230 in
1489 2188 1714 2243 integrum

149 2260 376 2308 resarcire,
402 2261 733 2316 composicione
756 2261 954 2316 predicta
972 2264 1015 2303 ct
1036 2260 1343 2303 transaccioue
1365 2273 1544 2315 semper
1566 2259 1609 2300 in
1634 2273 1716 2301 suo

150 2332 308 2374 robore
347 2332 597 2379 existente:
642 2336 685 2375 et
721 2346 800 2388 pro
841 2332 926 2375 hiis
964 2332 1244 2388 complendis
1272 2335 1316 2374 ct
1344 2331 1450 2373 rutis
1478 2330 1715 2373 manendis

147 2402 402 2458 obligamus
430 2403 525 2451 tibi,
558 2403 676 2446 dicto
706 2405 932 2446 Bernardo
961 2403 1222 2459 stipulanti,
1250 2417 1329 2458 per
1356 2416 1437 2444 uos
1465 2405 1509 2444 et
1543 2415 1715 2444 succes-

149 2487 274 2516 sores
315 2477 507 2522 nostros,
552 2475 670 2517 bona
697 2475 849 2517 omnia
883 2478 926 2517 ct
958 2475 1079 2531 jura,
1121 2473 1522 2530 quecumquesint
1549 2476 1592 2515 et
1618 2473 1717 2514 ubi-

147 2558 356 2601 cumque,
387 2546 444 2589 ad
472 2546 783 2602 episcopatum
806 2547 1170 2602 Magalonensem
1202 2545 1471 2601 spectancia.

208 2618 317 2659 Acta
352 2620 458 2659 sunt
498 2617 578 2659 hec
614 2617 767 2659 onmia
801 2617 1059 2673 supradicta
1104 2620 1147 2659 ct
1187 2616 1364 2671 singula
1401 2619 1444 2658 ct
1481 2616 1663 2657 laudata
1689 2628 1713 2656 a

146 2687 373 2743 partibus,
392 2701 512 2730 anno
533 2688 763 2731 Dominice
787 2688 1116 2731 Incarnaeionis
1140 2687 1381 2730 millesimo
1405 2686 1712 2729 ducentesimo

145 2759 522 2815 quinquagesimo
564 2760 737 2815 primo,
786 2773 903 2802 nono
940 2760 1157 2803 kalendas
1190 2759 1302 2815 julii,
1340 2759 1383 2800 in
1414 2757 1645 2813 presencia
1671 2760 1714 2798 et

144 2830 403 2872 testimonio
443 2831 682 2873 Raimundi
717 2832 771 2874 de
805 2831 1089 2874 Claromonte
1124 2830 1322 2872 canonici
1357 2827 1708 2883 Magalonensis,

143 2901 383 2944 Raimundi
419 2902 474 2944 de
512 2902 732 2944 Altiniaco
767 2902 1040 2958 jurisperiti,
1076 2901 1223 2943 l‘oncii
1266 2902 1319 2942 ‹lc
1359 2899 1527 2943 Casuli.
1558 2898 1711 2941 Jacobi

144 2971 360 3020 notberti,
389 2973 607 3015 Joliannis
634 2974 689 3015 de
720 2974 906 3016 Bari-aco
940 2972 1280 3015 canonicorum.
1313 2970 1496 3026 Turpini
1529 2971 1582 3011 ‹le
1621 2971 1714 3010 Au-
