2070 3486
711 308 968 350 -711-

115 402 166 444 Et
201 403 323 457 quod
359 403 440 444 hee
481 402 633 443 emnia
676 402 887 443 universa
927 405 970 444 et
1007 402 1198 456 singula.
1241 403 1373 456 prout
1412 400 1620 455 superius

55 473 222 528 scripta
249 476 355 515 sunt
389 476 431 514 et
458 473 677 514 discussa.
703 476 747 514 et
769 476 938 528 quante
962 473 1122 514 melius
1151 476 1194 514 et
1223 472 1398 513 firmins
1425 472 1479 513 ad
1505 471 1619 512 ulili-

56 548 195 587 tatem
218 559 297 586 seu
321 546 561 586 comodum
588 544 739 590 vestri,
772 544 887 585 dicte
916 543 1097 585 (lemine
1122 544 1356 598 Dalpbine,
1381 546 1425 584 et
1446 555 1620 585 succes·
1656 545 1661 550 '

57 629 212 658 sorum
238 618 506 660 vestrorum,
532 618 724 670 possunt
752 614 953 670 intelligi,
980 615 1047 655 vel
1069 616 1127 655 ab
1154 614 1306 669 aliquo
1328 614 1467 656 eciam
1490 613 1620 669 juris-

57 686 201 742 perito
227 686 399 730 dietari.
430 690 539 728 rata.
577 685 722 729 firma.
758 686 1024 727 inconcussa
1053 688 1094 727 et
1125 685 1376 727 immobilia
1404 687 1620 740 perpetuo

0 748 1 804 s
56 758 176 800 bona
199 757 286 800 fide
308 761 562 802 teneam....
588 771 670 810 ego
694 757 839 799 dictus
860 757 1128 799 Guillelmus
1156 758 1209 798 de
1240 759 1402 798 sancto
1432 756 1620 797 Leoneie

56 828 318 871 venditor...
356 828 626 870 renuncians
646 828 708 882 (¹1)
744 827 996 883 specialiter
1023 832 1065 867 et
1093 840 1304 882 expresse
1333 827 1415 879 legi
1446 829 1490 868 et
1514 826 1616 881 juri,

58 899 343 954 promictenti
370 898 440 940 vel
469 898 716 953 indulgenti
742 899 861 953 quod
898 897 934 938 si
969 897 1070 952 quis
1105 897 1354 939 vendiderit
1376 911 1467 938 rem
1491 910 1619 938 suam

57 970 207 1012 minus
240 970 428 1012 dimidio
453 970 559 1025 justi
595 969 757 1025 precii,
797 969 1078 1012 restituatur.
1120 968 1188 1009 vel
1227 969 1282 1009 ad
1314 968 1618 1023 supplendum

55 1041 142 1083 sibi
166 1041 338 1096 justum
375 1041 650 1096 precium....
683 1040 834 1088 vobis,
872 1040 986 1081 dicte
1018 1040 1199 1081 domine
1236 1039 1452 1094 l)alphin‹=
1481 1039 1621 1093 stipu—

53 1112 191 1159 lanti,
229 1115 273 1154 et
300 1111 635 1154 successoribus
670 1111 848 1159 vestris,
892 1111 976 1152 sul>
1004 1110 1281 1163 obligaciene
1310 1110 1512 1151 omnium
1546 1110 1620 1150 bo-

55 1196 216 1225 norum
256 1196 458 1225 meorum
480 1217 489 1235 ‚
534 1197 615 1238 per
642 1183 723 1224 hec
750 1185 905 1225 sancta
939 1182 1015 1224 Dei
1052 1182 1313 1235 evangelia,
1354 1196 1440 1236 que
1482 1194 1618 1222 manu

54 1255 241 1297 dextera
263 1257 398 1309 tango
420 1254 725 1309 corporaliter.
753 1254 972 1309 premicte
1000 1255 1044 1295 et
1068 1253 1180 1308 jure.

112 1325 247 1368 Facta
262 1328 368 1367 sunt
388 1326 469 1367 hec
488 1326 618 1381 juxta
639 1325 873 1367 ecclesiam
891 1324 1040 1367 Sancti
1061 1324 1249 1371 Nazarii‚
1270 1337 1357 1378 que
1379 1327 1446 1365 est
1469 1337 1620 1378 parre-

53 1396 209 1439 chialis
237 1396 423 1439 ecelesia
443 1396 548 1439 dicti
569 1396 703 1438 castri
731 1397 786 1438 de
814 1396 1057 1439 Breissaco.
1090 1395 1134 1436 in
1156 1395 1352 1450 quadam
1375 1395 1511 1435 dome
1533 1407 1619 1448 que

53 1470 121 1510 est
141 1467 350 1524 contigua
371 1468 486 1510 dicte
507 1467 707 1515 ecclesie,
724 1480 875 1509 coram
891 1466 1059 1521 regatis
1074 1469 1117 1508 et
1132 1465 1389 1508 convocatis
1411 1465 1615 1512 testibus,

55 1538 261 1581 videlicet
289 1539 557 1594 Berengario
586 1540 640 1581 de
675 1540 789 1580 Fara
815 1541 859 1579 et
886 1538 1112 1580 Bet-nardo
1147 1538 1201 1579 de
1241 1539 1403 1578 Sancte
1440 1536 1618 1578 Juliane

52 1610 287 1659 militibus,
314 1610 568 1653 Raimuudo
596 1611 811 1654 Mori-nto.
842 1610 1047 1651 Jobanne
1070 1607 1146 1650 del
1169 1608 1329 1656 Matre,
1361 1609 1488 1649 l’etre
1520 1607 1619 1649 Rai-

54 1681 190 1730 naldi‚
216 1685 260 1724 et
280 1696 429 1724 coram
454 1696 524 1724 me
549 1683 677 1724 Petro
699 1682 753 1723 de
774 1681 1081 1736 Castlarioffl),
1105 1680 1284 1736 publice
1308 1679 1496 1727 notaria,
1521 1679 1614 1734 qui,

53 1754 267 1796 mandato
296 1753 512 1809 parcium.
547 1754 629 1795 hee
656 1753 828 1809 scripsi,
855 1755 899 1795 et
924 1753 981 1794 ad
1008 1752 1229 1794 cautelam
1259 1751 1438 1805 signum
1465 1763 1617 1792 meum

53 1824 263 1880 apposui.

1041 1883 1139 1920 (neg.
1166 1882 1203 1915 A,
1232 1881 1289 1911 1¹01.
1312 1880 1371 1911 ‘265
1394 1884 1451 1917 Ψ).

402 2121 541 2157 DXCI.
570 2142 613 2147 —-
641 2121 686 2157 27
715 2120 868 2157 l'evrier
896 2120 987 2156 1252
1016 2125 1069 2166 tn.
1101 2131 1132 2155 s.
1163 2118 1254 2154 1255}

420 2262 581 2298 vente
601 2261 741 2298 d'une
761 2263 953 2297 maison
974 2261 1004 2297 'a
1024 2261 1245 2296 Brissae.

109 2366 266 2408 Pateat
303 2367 590 2422 presentibus
617 2370 661 2409 et
687 2366 848 2409 futuris
876 2367 1019 2422 quod,
1050 2379 1170 2408 anno
1204 2364 1433 2410 Dominice
1472 2364 1614 2406 Incar-

52 2437 253 2480 nacienis
273 2437 514 2480 millesimo
529 2438 840 2481 ducentesimo
860 2437 1238 2493 quinquagesimo
1261 2437 1475 2482 secunde,
1502 2435 1616 2476 scili-

49 2511 120 2551 cet
139 2512 300 2564 quarto
321 2509 538 2551 kalendas
562 2510 731 2559 marcii,
763 2523 861 2566 ego,
891 2510 1120 2551 Johannes
1148 2510 1202 2551 de
1225 2507 1350 2549 Valle
1372 2506 1611 2553 Boisseria,

50 2580 285 2636 parrochie
309 2580 459 2623 Sancti
482 2581 673 2623 Baudilii
692 2583 746 2624 de
771 2581 1012 2623 l'eduzis...
1029 2582 1232 2623 vendo...
1260 2579 1340 2621 tibi
1361 2578 1614 2621 Raimundo

50 2652 229 2708 Morjut,
256 2652 497 2695 habitatori
519 2653 652 2709 castri
680 2654 735 2695 de
764 2653 993 2695 Breissaco
1015 2656 1059 2695 et
1080 2651 1414 2694 successoribu>-
1443 2650 1530 2692 tuis
1557 2651 1610 2691 ad

49 2726 150 2766 tuas
181 2726 225 2766 et
258 2727 439 2766 tuorum
475 2738 786 2767 successorum
819 2725 1091 2771 voluntates.
1125 2724 1168 2764 in
1204 2723 1295 2764 vita
1323 2725 1366 2763 et
1396 2722 1439 2763 in
1470 2723 1612 2762 mort(¹

97 2920 146 2965 (1)
176 2921 301 2955 Cart.:
326 2920 584 2955 7·enum·iali.s·.

98 2977 147 3025 (2)
176 2980 273 3015 ‹jau-t
293 2992 303 3014 .·
327 2979 550 3016 Castelmm.
