2070 3486
807 372 857 378 —
894 348 978 390 783
1012 375 1064 380 —

151 441 428 486 Bernardini.
463 441 784 495 fillebi-andini
824 443 1069 485 Belnlonlis
1095 448 1137 486 et
1167 446 1468 500 quorumdam
1499 445 1709 493 alim-um,

149 511 317 554 civium
345 515 388 554 et
416 515 717 554 mercatorum
742 515 1027 557 Senensium.
1061 530 1140 570 pro
1170 516 1299 557 nobis
1321 520 1361 558 et
1386 517 1509 571 ipsis.
1541 530 1591 558 ac
1612 517 1712 559 aliis

149 582 361 624 omnihus
382 586 427 624 et
453 582 641 637 singulis
669 584 800 625 sociis
830 585 1008 627 nostris.
1040 589 1082 627 et
1104 586 1381 641 quibuslibet
1402 589 1456 629 de
1478 588 1705 633 societate.

149 653 316 696 scimus
336 658 380 696 et
407 654 451 695 in
472 653 661 696 veritate
690 656 1051 706 recognoscimus
1082 657 1224 700 vobis.
1257 658 1441 700 domino
1468 659 1709 701 Guillelmo

147 724 427 767 Christofori.
459 725 671 780 episcopo
710 726 1040 779 Magalonensi.
1073 729 1191 782 quod
1229 730 1283 770 de
1320 729 1395 770 illo
1424 730 1581 772 debito
1609 743 1710 772 sex-

146 798 379 838 centarum
421 796 637 837 librarum
679 797 1019 840 turonencium.
1076 812 1189 853 quas
1246 800 1380 841 frater
1429 800 1709 843 ltaimundus

145 867 382 913 Atbrandi,
405 869 449 909 et
471 867 606 909 trater
624 867 818 909 ,lacobus
840 868 895 909 de
917 868 1122 917 Conchis,
1148 871 1317 912 ordinis
1340 872 1544 913 Fratrum
1567 872 1710 915 Mino-

145 951 262 985 rum,
295 941 606 994 procurat-ores
635 941 738 980 tunc
766 941 809 980 et
837 940 986 980 nuncii
1016 940 1131 981 bone
1155 942 1372 984 memorie
1397 943 1568 984 domini
1591 943 1708 985 Petri

144 1011 200 1052 de
226 1009 433 1057 Conchis‚
464 1010 794 1065 predecessoris
817 1010 969 1052 vestri.
1003 1026 1081 1065 pro
1110 1013 1250 1066 ipsius
1278 1014 1487 1067 negociis,
1520 1014 1563 1055 in
1586 1015 1709 1057 curia

143 1080 315 1124 domini
338 1082 471 1136 Papo,
496 1094 523 1122 a
543 1081 870 1136 prenominatis
902 1082 1032 1123 sociis
1057 1084 1220 1124 nostris
1243 1099 1321 1125 seu
1350 1085 1622 1139 quibusdam
1650 1100 1707 1127 ex

143 1152 222 1202 eis,
248 1155 382 1208 prout
408 1153 453 1194 in
484 1153 785 1194 instrumento
814 1153 915 1195 inde
946 1153 1060 1195 lan-to
1092 1155 1369 1197 cmitinetur.
1404 1159 1560 1198 mutuo
1589 1171 1708 1199 rece-

136 1227 321 1279 perunt,
354 1224 596 1266 habuimus
630 1238 657 1265 a
685 1224 814 1265 vobis
850 1227 894 1266 et
928 1225 1098 1277 integre
1136 1227 1411 1281 recepimus,
1445 1227 1488 1269 in
1519 1229 1708 1283 pecunia

143 1299 394 1342 numerata,
436 1299 656 1337 trecentas
690 1295 826 1337 libras
862 1298 1159 1342 turonenees;
1199 1298 1253 1339 ‹le
1293 1298 1460 1353 quibus
1497 1300 1707 1341 trecentis

142 1366 266 1408 libris
293 1369 337 1408 et
360 1367 484 1408 omni
511 1380 564 1409 eo
592 1367 730 1421 quod.
756 1367 958 1422 ipsarum
986 1368 1236 1416 occasione,
1270 1382 1350 1409 nos
1373 1383 1452 1411 seu
1473 1370 1609 1425 aliqui
1636 1371 1705 1413 vel

139 1437 303 1493 aliquis
330 1438 385 1479 de
414 1441 567 1480 nostra
595 1438 807 1480 societate
835 1441 985 1493 petere
1015 1453 1252 1494 possemus
1282 1440 1349 1481 vel
1380 1441 1558 1495 exigere
1593 1456 1705 1496 quo-

140 1510 394 1565 quomodo,
420 1522 502 1551 nos
532 1512 575 1552 et
602 1523 762 1551 onmes
781 1523 833 1551 ac
861 1510 1062 1565 singulos
1097 1510 1243 1552 socios
1272 1514 1450 1553 nostros
1478 1526 1557 1567 per
1590 1513 1704 1556 hene

138 1583 348 1637 peccatos
374 1584 418 1622 et
444 1583 679 1623 contentos
709 1582 929 1623 habemus
960 1584 1003 1623 et
1039 1585 1272 1629 tenemus;
1300 1583 1631 1627 renunciantes,
1658 1585 1699 1626 iu

138 1651 268 1694 dietis
302 1652 510 1694 trecentis
544 1652 668 1694 libris
700 1653 792 1707 jam
831 1653 1015 1701 solutis,
1047 1653 1303 1708 exceptioni
1336 1667 1426 1695 non
1467 1659 1702 1698 numerate

138 1723 327 1779 pecunie
354 1726 399 1766 et
418 1720 560 1765 eciam
583 1737 672 1765 non
695 1723 857 1766 solute.

195 1794 247 1836 Et
265 1794 381 1840 ideo,
407 1794 509 1836 licet
528 1795 781 1850 predictum
802 1795 1156 1836 instrumentum
1180 1796 1402 1851 integrum
1427 1811 1564 1851 penes
1586 1797 1703 1855 [nos]

137 1868 395 1913 remaneat,
429 1880 507 1921 per
541 1879 621 1907 nos
651 1869 693 1907 et
729 1879 886 1908 omnes
924 1870 967 1908 et
1001 1867 1204 1919 singulos
1237 1868 1475 1922 predictos,
1513 1871 1557 1910 et
1591 1863 1703 1911 alios

135 1936 281 1979 socios
317 1940 522 1985 nostros,
557 1940 779 1992 quantum
813 1938 868 1979 ad
902 1938 1043 1979 dictas
1074 1941 1293 1979 trecentas
1322 1939 1482 1982 libras.
1518 1943 1560 1981 et
1594 1954 1697 1995 que.

135 2021 289 2049 earum
314 2008 493 2053 intuitu,
526 2011 707 2064 possent
740 2007 849 2063 peti.
881 2009 1163 2050 absolvimus
1197 2012 1237 2050 et
1275 2009 1524 2065 quittamus
1551 2025 1631 2053 vos
1659 2015 1703 2053 et

135 2081 310 2121 vestros
337 2093 643 2127 successores,
675 2083 718 2121 et
745 2092 904 2121 omnes
935 2094 1029 2125 res,
1079 2080 1194 2121 liena
1228 2083 1268 2121 et
1303 2080 1401 2135 jura
1428 2085 1577 2123 vestra
1607 2085 1697 2123 tam

133 2149 420 2205 episcopatus
454 2163 592 2205 quam
626 2150 867 2192 comitatus
901 2150 1101 2205 Melgorii
1141 2154 1183 2192 et
1218 2151 1610 2195 Montisl'errandi.
1642 2154 1699 2195 al)

132 2220 257 2263 omni
300 2221 490 2268 actione,
536 2221 782 2276 peticione.
823 2222 1229 2269 demandamento,
1273 2225 1315 2263 et
1351 2223 1475 2265 omni
1513 2224 1698 2266 omnino

132 2291 427 2346 obligacione‚
458 2292 556 2348 jure
592 2295 636 2334 et
667 2292 859 2343 racione,
897 2293 1062 2347 quilius
1093 2306 1290 2348 unquam
1320 2307 1417 2339 vos,
1449 2297 1526 2336 aut
1553 2295 1699 2338 dietus

131 2363 424 2418 predecessor
447 2367 608 2411 vester,
640 2378 717 2405 seu
739 2364 877 2419 aliqui
900 2363 1026 2406 alteri
1052 2378 1130 2418 pro
1152 2364 1280 2406 vobis
1302 2379 1383 2420 pro
1412 2365 1524 2420 ipso,
1556 2380 1699 2421 quan-

133 2436 228 2476 tum
255 2435 312 2476 ad
342 2435 578 2490 pecuniam
607 2448 726 2477 nunc
753 2435 965 2477 solutam.
999 2434 1145 2477 fuistis
1167 2435 1237 2477 vel
1260 2435 1440 2477 luerunt
1470 2437 1599 2479 nobis
1620 2441 1698 2479 aut

129 2505 263 2548 alicui
294 2506 349 2548 de
385 2494 537 2548 nostra
565 2506 777 2548 societate
801 2506 1088 2561 aliquatenus
1115 2506 1324 2561 obligati:
1348 2510 1393 2548 et
1414 2509 1622 2549 cedentes
1646 2522 1697 2551 ac

129 2576 499 2632 desemparantes
520 2577 650 2619 vobis
677 2591 811 2619 omne
836 2577 908 2632 jus
936 2578 1057 2632 quod
1086 2577 1214 2619 vobis
1244 2578 1312 2619 vel
1334 2578 1466 2619 alicui
1488 2579 1542 2620 de
1562 2580 1693 2622 sociis

130 2647 310 2695 nostris,
338 2649 490 2703 quoad
513 2648 705 2690 solutam
736 2648 989 2703 pecuniam,
1014 2651 1169 2690 contra
1189 2649 1438 2703 predictum
1462 2650 1694 2704 predeces-

128 2731 277 2760 sorem
310 2721 514 2761 vestrum
550 2722 629 2761 aut
662 2733 758 2766 vos,
800 2720 917 2761 hona
944 2722 987 2761 et
1018 2719 1118 2774 jura
1151 2722 1326 2768 vestra,
1368 2721 1582 2775 competit
1621 2721 1691 2763 vel

128 2789 381 2845 compeciit.

184 2860 393 2903 Facimus
428 2861 558 2903 vobis
596 2865 640 2903 et
668 2862 866 2903 inliimus
900 2862 1158 2914 vobiscum,
1201 2865 1422 2917 quantum
1453 2864 1509 2904 ad
1548 2863 1689 2906 dictas

131 2934 353 2974 trecentas
372 2931 523 2984 libras,
543 2935 588 2974 et
607 2947 711 2988 qne,
733 2933 930 2987 ipsarum
955 2933 1204 2981 ‹ivvasionm
1219 2934 1515 2981 ‹l‹·l›el›‹'uilur‚
1531 2935 1583 2974 de
1605 2949 1691 2976 non

129 3004 303 3058 agendo
340 3006 384 3046 et
415 3004 471 3046 de
503 3017 591 3046 non
627 3004 820 3059 petendo
854 3003 1104 3059 sollempne
1139 3007 1342 3060 pactum,
1383 3005 1693 3061 sollempniter
