2070 3486
1022 269 1284 311 —662—

374 366 572 408 lonensi.
604 368 643 406 et
675 364 1010 406 successoribus
1038 364 1152 411 suis,
1190 367 1232 406 et
1266 364 1417 412 vobis,
1449 365 1565 408 dicto
1588 367 1772 408 domino
1800 368 1847 410 Β.
1879 369 1934 411 de

374 437 552 478 solam».
592 435 740 490 bajulo
775 436 828 476 ‹le
865 435 1051 490 Gijano.
1098 435 1325 489 recipienti
1364 438 1407 477 et
1439 437 1673 491 stipulanti
1714 452 1794 492 pro
1836 438 1933 494 ipso

370 507 553 549 ‹lomino
581 507 805 561 episcopo.
832 506 958 561 eujus
989 506 1220 561 negocium
1238 506 1407 558 geritur
1427 507 1595 549 utiliter
1616 508 1659 549 in
1679 508 1761 550 hac
1789 512 1929 564 parte,

373 579 589 619 tradimus
611 581 648 618 et
671 578 959 619 concedimus
990 592 1105 619 nunc
1127 580 1170 618 et
1190 578 1521 633 imperpetuum
1542 594 1550 625 ;
1582 582 1625 621 et
1654 593 1737 621 nos
1764 583 1808 622 et
1830 594 1933 623 nos-

372 651 460 689 tros
491 648 590 690 inde
628 648 955 695 ‹lis-vestiendo,
995 662 1073 689 vos
1101 651 1145 689 ct
1180 651 1353 690 vestros
1381 648 1685 697 investimus;
1722 652 1931 694 cedentes

373 720 499 760 vobis
521 723 561 760 et
586 719 919 760 suecessoribus
936 719 1097 760 vestris
1120 721 1262 761 totum
1289 719 1360 774 jus
1383 720 1668 775 proprietatis
1690 723 1734 763 et
1754 735 1932 776 posses-

370 791 523 832 sionis.
551 793 593 831 et
620 790 853 844 quodlibet
876 790 997 831 aliud
1034 790 1105 845 jus
1143 790 1271 831 nobis
1307 790 1376 831 vel
1406 791 1570 833 nostris
1600 795 1862 847 competens
1889 796 1933 836 et

370 862 579 916 deinceps
616 861 990 915 ‹rtnnpetiturum.
1033 864 1075 902 et
1116 863 1289 903 vestros
1329 861 1539 904 dominos
1585 865 1629 904 et
1667 866 1837 911 certos,
1881 877 1932 906 ac

370 932 583 987 speciales
607 935 932 986 procuratores,
960 935 1007 973 ut
1031 932 1074 973 in
1105 945 1197 973 rem
1227 935 1425 974 vestram
1454 933 1699 988 propriam,
1727 947 1806 976 vos
1827 934 1932 977 faei-

370 1016 470 1044 mus
497 1006 541 1044 et
561 1003 892 1054 constituimus,
929 1003 1050 1044 sicud
1082 1003 1243 1045 melius
1272 1006 1317 1045 et
1343 1003 1497 1046 utilius
1522 1006 1579 1046 ad
1609 1007 1810 1047 vestrum
1833 1019 1930 1048 ves-

371 1078 631 1129 trorumque
665 1076 954 1116 commodum
989 1074 1072 1116 (lici
1108 1077 1151 1115 et
1182 1075 1313 1117 scribi
1356 1075 1539 1130 poterit,
1579 1076 1650 1118 vel
1688 1077 1745 1118 ab
1777 1067 1930 1132 aliquo

369 1146 569 1201 sapiente
599 1145 755 1187 dictari
782 1146 853 1187 vel
883 1146 1022 1187 eciam
1055 1146 1238 1199 eogitari
1268 1149 1438 1201 potest,
1470 1147 1594 1189 nulla
1621 1148 1926 1202 possessione,

367 1217 436 1259 vel
466 1217 759 1272 proprietate,
797 1230 877 1259 nec
904 1217 1055 1272 aliqua
1085 1217 1172 1259 alia
1200 1232 1245 1259 re.
1274 1231 1411 1272 penes
1451 1232 1530 1259 uos
1570 1221 1846 1262 remanente.
1877 1220 1931 1262 Et

366 1288 576 1330 volumus
604 1291 647 1329 et
682 1288 954 1343 precipimus
982 1289 1103 1343 quod
1136 1289 1250 1331 (licta
1282 1289 1467 1338 usatica,
1497 1289 1698 1338 consilia,
1730 1290 1932 1334 dominia

367 1363 410 1402 et
438 1359 665 1407 landimia,
706 1359 971 1401 auctoritate
1003 1363 1153 1402 vestra
1190 1360 1384 1415 propria,
1423 1360 1519 1403 sine
1554 1361 1694 1403 nostri
1731 1361 1926 1411 lieentia,

368 1431 571 1475 sciencia,
603 1434 646 1472 et
672 1431 976 1480 concessione,
1009 1434 1052 1473 et
1082 1431 1202 1473 curie
1231 1434 1273 1473 et
1299 1432 1468 1487 judicii,
1504 1435 1548 1474 et
1573 1432 1757 1475 alterius
1784 1433 1931 1489 cujus-

371 1502 476 1544 libet
504 1516 708 1557 persone.
747 1503 1037 1557 corporaliter
1068 1504 1448 1558 apprehendatis3
1481 1507 1525 1546 et
1546 1507 1594 1546 ut
1615 1518 1708 1546 rem
1732 1508 1929 1548 vestram

369 1574 595 1628 propriam
618 1577 835 1628 perpetuo
862 1574 1082 1622 habeatis,
1115 1578 1157 1616 et
1178 1575 1223 1616 in
1251 1575 1455 1630 proprias
1478 1575 1734 1618 voluntates
1756 1579 1930 1619 vestras

370 1648 585 1699 perpetuo
616 1644 802 1686 faciatis.
1670 1691 1675 1696 ,

429 1717 508 1756 l‘ro
537 1716 617 1757 hac
644 1716 811 1771 quippe
852 1716 1191 1760 vendicione....
1238 1720 1282 1759 et
1320 1731 1400 1772 pro
1433 1718 1767 1772 composicione
1813 1717 1930 1760 facta

365 1788 419 1828 ‹le
443 1788 639 1842 quadam
656 1788 778 1842 peeia
801 1790 932 1835 terre,
950 1789 1003 1830 de
1023 1802 1111 1843 qua
1134 1790 1364 1843 quondam
1382 1789 1582 1831 scambia
1600 1788 1716 1831 laeta
1732 1788 1926 1837 fuerant,

366 1858 675 1913 cognoscimus
713 1873 793 1900 nos
821 1859 1033 1901 habuisse
1062 1874 1142 1901 sex
1172 1860 1307 1902 libras
1335 1863 1379 1902 et
1406 1860 1607 1915 quinque
1630 1860 1797 1902 solidos
1819 1861 1930 1902 mel-

367 1929 609 1982 gorienses.
643 1930 685 1971 in
708 1930 872 1985 quibus
895 1931 1151 1986 excepcioni
1177 1945 1265 1972 non
1286 1935 1518 1974 numerate
1541 1931 1752 1987 peccuuie
1775 1934 1819 1976 et
1838 1945 1927 1974 non

369 2000 508 2042 habiti
530 2001 663 2055 precii
694 2001 1040 2050 renunciamus3
1071 2002 1285 2057 quicquid
1314 2016 1420 2043 vero
1455 2002 1573 2045 dicta
1592 2002 1799 2044 vendicio
1827 2002 1928 2058 plus

368 2072 483 2112 valet
517 2075 588 2112 ant
623 2086 822 2127 unquam
855 2074 1019 2115 valebit
1048 2073 1196 2129 precio
1229 2074 1471 2115 antedicto.
1497 2074 1611 2116 hauc
1638 2073 1927 2116 medietatem

365 2142 468 2196 justi
513 2143 659 2197 precii
703 2146 780 2185 aut
808 2144 924 2185 ultra
969 2158 1303 2200 quamcumque
1332 2144 1590 2193 excesserit,
1626 2145 1748 2187 illam
1786 2145 1928 2201 magis

368 2213 613 2254 valenciam
638 2214 754 2255 (licto
776 2215 959 2257 domino
981 2216 1192 2271 episcopo
1212 2219 1255 2257 et
1276 2216 1610 2258 successoribus
1632 2216 1726 2258 suis
1747 2217 1925 2268 damus,

368 2288 409 2326 et
431 2285 649 2326 solvimus
688 2300 805 2328 nunc
838 2289 881 2328 et
916 2287 1268 2342 imperpetuum.
1310 2288 1363 2329 Et
1401 2287 1463 2329 ita
1493 2287 1651 2330 omnia
1671 2287 1930 2343 supradicta

368 2355 511 2397 eidem
550 2357 733 2397 ‹lomino
770 2357 980 2413 episcopo
1026 2358 1243 2400 faciemus
1283 2359 1449 2401 habere
1486 2361 1530 2400 et
1570 2362 1720 2401 tenere
1759 2358 1925 2414 quiete,

367 2430 410 2469 ct
436 2427 492 2468 ab
526 2427 646 2468 omni
675 2429 1006 2471 contradicente
1045 2430 1142 2485 jure
1171 2443 1349 2485 semper
1386 2429 1702 2472 deffendemus
1727 2445 1735 2475 ;
1778 2432 1822 2472 et
1848 2443 1928 2486 pro

368 2498 647 2540 eviccione...
673 2499 926 2555 obligamus
954 2501 1152 2556 predicto
1174 2501 1359 2543 domino
1387 2501 1599 2556 episeopo
1627 2504 1671 2544 et
1703 2514 1930 2544 successo-

368 2569 490 2610 ribus
524 2570 615 2611 suis
654 2584 734 2612 nos
769 2574 813 2613 et
845 2572 998 2613 omnia
1026 2573 1144 2614 bona
1172 2575 1375 2615 nostra...
1414 2572 1774 2615 renunciando...
1802 2573 1930 2615 bene·

369 2640 468 2681 ficio
491 2641 694 2683 velleiani
723 2643 914 2684 consulti
943 2646 1126 2685 senatus
1154 2644 1362 2691 consulti,
1394 2647 1439 2685 et
1469 2643 1593 2686 omui
1619 2643 1707 2699 juri
1740 2646 1927 2700 yppote-

367 2711 549 2752 eharmn
579 2715 622 2754 et
654 2713 774 2754 omni
808 2714 880 2755 alii
916 2714 1024 2769 juri,
1056 2718 1099 2757 et
1126 2715 1312 2763 rationi,
1343 2718 1387 2757 et
1413 2715 1729 2757 consuetudini
1763 2715 1928 2771 quibus

367 2785 519 2823 eontra
548 2783 745 2837 predicta
779 2784 847 2825 vel
876 2785 1059 2840 aliquod
1095 2786 1423 2841 predictorum.
1455 2800 1536 2841 per
1573 2800 1653 2828 nos
1692 2786 1762 2828 vel
1796 2786 1924 2835 alios,

370 2853 518 2894 venire
548 2868 625 2895 seu
664 2855 773 2896 tueri
813 2870 892 2897 nos
924 2870 1193 2911 possemus:
1232 2861 1329 2900 et...
1360 2860 1515 2899 contra
1542 2871 1630 2899 non
1654 2857 1807 2900 venire
1828 2871 1930 2912 pro-

370 2924 593 2966 mictimns
630 2928 672 2968 et
708 2926 912 2981 juramus
949 2942 1028 2983 per
1061 2929 1143 2971 hee
1176 2931 1330 2971 sancta
1349 2929 1428 2971 Dei
1462 2927 1713 2984 evangelia,
1738 2942 1765 2972 a
1798 2928 1930 2972 nohis
